<record><header><identifier>oai:alma.41SLSP_UGE:991000764709705502</identifier><datestamp>2024-04-11T00:14:36Z</datestamp><setSpec>uge_bcen_RapidILL_BOOK</setSpec><setSpec>uge_aaca_RapidILL_BOOK</setSpec><setSpec>uge_abels_RapidILL_BOOK</setSpec><setSpec>uge_dbu_RapidILL_BOOK</setSpec><setSpec>uge_cmu_RapidILL_BOOK</setSpec><setSpec>uge_mail_RapidILL_BOOK</setSpec><setSpec>uge_abbat_RapidILL_BOOK</setSpec><setSpec>UNIGE_ALL</setSpec><setSpec>uge_acar_RapidILL_BOOK</setSpec><setSpec>uge_aobs_RapidILL_BOOK</setSpec></header><metadata>
<record xmlns="http://www.loc.gov/MARC21/slim" xmlns:xsi="http://www.w3.org/2001/XMLSchema-instance" xsi:schemaLocation="http://www.loc.gov/MARC21/slim http://www.loc.gov/standards/marcxml/schema/MARC21slim.xsd"><leader>06539nam a2201033 c 4500</leader><controlfield tag="001">991000764709705502</controlfield><controlfield tag="005">20240410143300.0</controlfield><controlfield tag="008">201012t20192019sz            100 0 ger|d</controlfield><datafield ind1=" " ind2=" " tag="015"><subfield code="a">19,N38</subfield><subfield code="2">dnb</subfield></datafield><datafield ind1="7" ind2=" " tag="016"><subfield code="a">119448476X</subfield><subfield code="2">DE-101</subfield></datafield><datafield ind1=" " ind2=" " tag="019"><subfield code="a">Notices analytiques</subfield><subfield code="5">RERO/neubfd/12.2019</subfield></datafield><datafield ind1=" " ind2=" " tag="020"><subfield code="a">3727207655</subfield><subfield code="q">Print</subfield></datafield><datafield ind1=" " ind2=" " tag="020"><subfield code="z">9783727207679</subfield><subfield code="q">E-Book</subfield></datafield><datafield ind1=" " ind2=" " tag="020"><subfield code="a">9783727207655</subfield><subfield code="q">Print</subfield><subfield code="c">CHF 59.00</subfield></datafield><datafield ind1="3" ind2=" " tag="024"><subfield code="a">9783727207655</subfield></datafield><datafield ind1=" " ind2=" " tag="035"><subfield code="a">(swissbib)242883095-41slsp_network</subfield></datafield><datafield ind1=" " ind2=" " tag="035"><subfield code="a">242883095</subfield><subfield code="9">ExL</subfield></datafield><datafield ind1=" " ind2=" " tag="035"><subfield code="a">(IDSLU)001387711ILU01</subfield></datafield><datafield ind1=" " ind2=" " tag="035"><subfield code="a">(IDSBB)007128121DSV01</subfield></datafield><datafield ind1=" " ind2=" " tag="035"><subfield code="a">(NEBIS)011507204EBI01</subfield></datafield><datafield ind1=" " ind2=" " tag="035"><subfield code="a">(IDSSG)001079783HSB01</subfield></datafield><datafield ind1=" " ind2=" " tag="035"><subfield code="a">(RERO)R008958459-41slsp</subfield></datafield><datafield ind1=" " ind2=" " tag="035"><subfield code="a">(OCoLC)1119774519</subfield></datafield><datafield ind1=" " ind2=" " tag="035"><subfield code="a">(ABN)000858824ABN01</subfield></datafield><datafield ind1=" " ind2=" " tag="035"><subfield code="a">(EXLNZ-41SLSP_NETWORK)991131035359705501</subfield></datafield><datafield ind1=" " ind2=" " tag="040"><subfield code="a">GWDNB</subfield><subfield code="b">ger</subfield><subfield code="e">rda</subfield><subfield code="d">CH-ZuSLS</subfield></datafield><datafield ind1=" " ind2=" " tag="044"><subfield code="c">XA-DE</subfield></datafield><datafield ind1=" " ind2="7" tag="072"><subfield code="a">801</subfield><subfield code="2">IDS LU</subfield></datafield><datafield ind1=" " ind2="7" tag="072"><subfield code="a">dr</subfield><subfield code="2">rero</subfield></datafield><datafield ind1="0" ind2="4" tag="082"><subfield code="a">346.494052</subfield><subfield code="2">23/ger</subfield></datafield><datafield ind1="0" ind2="4" tag="082"><subfield code="a">340</subfield><subfield code="q">DE-101</subfield></datafield><datafield ind1="1" ind2="4" tag="082"><subfield code="a">340</subfield><subfield code="2">15</subfield></datafield><datafield ind1=" " ind2=" " tag="084"><subfield code="a">CA/CH 67 e</subfield><subfield code="2">cjurrom</subfield></datafield><datafield ind1=" " ind2=" " tag="084"><subfield code="a">CA/CH 66 e</subfield><subfield code="2">cjurrom</subfield></datafield><datafield ind1=" " ind2=" " tag="084"><subfield code="a">CA/CH 25 e</subfield><subfield code="2">cjurrom</subfield></datafield><datafield ind1=" " ind2=" " tag="084"><subfield code="a">CA/CH 66.2 e</subfield><subfield code="2">cjurrom</subfield></datafield><datafield ind1="2" ind2=" " tag="111"><subfield code="a">Weiterbildungstagung des Verbandes Bernischer Notare und des Instituts für Notariatsrecht und Notarielle Praxis</subfield><subfield code="d">2019</subfield><subfield code="c">Bern</subfield><subfield code="0">(DE-588)1197847251</subfield></datafield><datafield ind1="1" ind2="0" tag="245"><subfield code="a">Aktuelles zur ehegüter- und erbrechtlichen Planung - insbesondere aus der Sicht des Notariats</subfield><subfield code="b">Weiterbildungstagung des Verbandes bernischer Notare und des Instituts für Notariatsrecht und Notarielle Praxis an der Universität Bern vom 23./24. Oktober 2019</subfield><subfield code="c">Beiträge von Prof. Dr. iur. Stephan Wolf, Prof. Dr. iur. Martin Eggel, Prof. Dr. iur. Simon Laimer, Prof. Dr. oec. Hans Rainer Künzle, Prof. Dr. iur. Regina E. Aebi-Müller, BLaw Alexander Lueger</subfield></datafield><datafield ind1=" " ind2="1" tag="264"><subfield code="a">Bern</subfield><subfield code="b">Stämpfli Verlag</subfield><subfield code="c">[2019]</subfield></datafield><datafield ind1=" " ind2="4" tag="264"><subfield code="c">© 2019</subfield></datafield><datafield ind1=" " ind2=" " tag="300"><subfield code="a">XXI, 219 Seiten</subfield></datafield><datafield ind1=" " ind2=" " tag="336"><subfield code="b">txt</subfield><subfield code="2">rdacontent</subfield></datafield><datafield ind1=" " ind2=" " tag="337"><subfield code="b">n</subfield><subfield code="2">rdamedia</subfield></datafield><datafield ind1=" " ind2=" " tag="338"><subfield code="b">nc</subfield><subfield code="2">rdacarrier</subfield></datafield><datafield ind1="1" ind2=" " tag="490"><subfield code="a">Schriften INR</subfield><subfield code="v">25</subfield></datafield><datafield ind1=" " ind2=" " tag="500"><subfield code="a">Die Weiterbildungstagung hat im Oktober 2019 in Bern stattgefunden.</subfield></datafield><datafield ind1=" " ind2=" " tag="500"><subfield code="a">Der vorliegende Band enthält die schriftlichen Fassungen der im Oktober 2019 anlässlich der gemeinsamen Weiterbildungsveranstaltung des Verbandes bernischer Notare sowie des Instituts für Notariatsrecht und Notarielle Praxis an der Universität Bern gehaltenen Referate</subfield></datafield><datafield ind1=" " ind2="7" tag="650"><subfield code="a">Eheliches Güterrecht</subfield><subfield code="0">(DE-588)4013648-6</subfield><subfield code="2">gnd</subfield></datafield><datafield ind1=" " ind2="7" tag="650"><subfield code="a">Erbrecht</subfield><subfield code="0">(DE-588)4015110-4</subfield><subfield code="2">gnd</subfield></datafield><datafield ind1=" " ind2="7" tag="650"><subfield code="a">Notariat</subfield><subfield code="0">(DE-588)4127540-8</subfield><subfield code="2">gnd</subfield></datafield><datafield ind1=" " ind2="7" tag="650"><subfield code="a">Erbfolge</subfield><subfield code="0">(DE-588)4137632-8</subfield><subfield code="2">gnd</subfield></datafield><datafield ind1=" " ind2="7" tag="650"><subfield code="a">Öffentliche Urkunde</subfield><subfield code="0">(DE-588)4172381-8</subfield><subfield code="2">gnd</subfield></datafield><datafield ind1=" " ind2="7" tag="650"><subfield code="a">Planung</subfield><subfield code="0">(DE-588)4046235-3</subfield><subfield code="2">gnd</subfield></datafield><datafield ind1=" " ind2="7" tag="650"><subfield code="a">Mariage</subfield><subfield code="0">(IDREF)027238563</subfield><subfield code="2">idref</subfield></datafield><datafield ind1=" " ind2="7" tag="650"><subfield code="a">Droit</subfield><subfield code="0">(IDREF)027466868</subfield><subfield code="2">idref</subfield></datafield><datafield ind1=" " ind2="7" tag="650"><subfield code="a">Successions et héritages</subfield><subfield code="0">(IDREF)027481344</subfield><subfield code="2">idref</subfield></datafield><datafield ind1=" " ind2="7" tag="650"><subfield code="a">Exécuteurs et administrateurs testamentaires</subfield><subfield code="0">(IDREF)027851044</subfield><subfield code="2">idref</subfield></datafield><datafield ind1=" " ind2="7" tag="650"><subfield code="a">Notariat</subfield><subfield code="0">(IDREF)027478815</subfield><subfield code="2">idref</subfield></datafield><datafield ind1=" " ind2="7" tag="650"><subfield code="a">Assurance-vie</subfield><subfield code="0">(IDREF)027486192</subfield><subfield code="2">idref</subfield></datafield><datafield ind1=" " ind2="7" tag="650"><subfield code="a">Güterrecht</subfield><subfield code="9">ger</subfield><subfield code="0">(RERO)jurivoc000010574ger</subfield><subfield code="2">jurivoc</subfield></datafield><datafield ind1=" " ind2="7" tag="650"><subfield code="a">Erbrecht</subfield><subfield code="9">ger</subfield><subfield code="0">(RERO)jurivoc000007113ger</subfield><subfield code="2">jurivoc</subfield></datafield><datafield ind1=" " ind2="7" tag="650"><subfield code="a">Régimes matrimoniaux</subfield><subfield code="0">(IDREF)027882306</subfield><subfield code="2">idref</subfield></datafield><datafield ind1=" " ind2="7" tag="651"><subfield code="a">Kanton Bern</subfield><subfield code="0">(DE-588)4005765-3</subfield><subfield code="2">gnd</subfield></datafield><datafield ind1=" " ind2="7" tag="651"><subfield code="a">Schweiz</subfield><subfield code="0">(DE-588)4053881-3</subfield><subfield code="2">gnd</subfield></datafield><datafield ind1=" " ind2="7" tag="651"><subfield code="a">Suisse</subfield><subfield code="0">(IDREF)027249654</subfield><subfield code="2">idref</subfield></datafield><datafield ind1=" " ind2="7" tag="651"><subfield code="a">Schweiz</subfield><subfield code="9">ger</subfield><subfield code="0">(RERO)jurivoc000019912ger</subfield><subfield code="2">jurivoc</subfield></datafield><datafield ind1=" " ind2="7" tag="655"><subfield code="a">Konferenzschrift</subfield><subfield code="z">Bern</subfield><subfield code="y">2019</subfield><subfield code="2">gnd-content</subfield></datafield><datafield ind1=" " ind2="7" tag="655"><subfield code="a">Actes de congrès</subfield><subfield code="0">(IDREF)02886431X</subfield><subfield code="2">idref</subfield></datafield><datafield ind1=" " ind2=" " tag="690"><subfield code="a">Erbrecht; Rechtsprechung; Hochschule; Rechtsberatung; Praxis; Institut; Rechtsanwalt</subfield><subfield code="2">idssg-J</subfield></datafield><datafield ind1=" " ind2=" " tag="690"><subfield code="a">Notariatsrecht; Lehrbeauftragter; Privatrechtsvergleichung; Weiterbildungstagung; Titularprofessor; Erbrechtsrevision; Rechtsgeschäftsgestaltung; Rechtsgeschäftsplanung; Willensvollstreckung; Ehegut; Folgerunge; MüllerAlexander; Oberassistent</subfield><subfield code="2">idssg-J</subfield></datafield><datafield ind1=" " ind2=" " tag="690"><subfield code="a">junge Rechtsprechung; assoziierter Professor; bernischer Notar; bundesgerichtlich Hängige; bundesgerichtliche Rechtsprechung; erbrechtliche Planung; erbrechtliche Rechtsgeschäftsgestaltung; erste Folgerunge; erste Überlegung; europäisches Privatrecht; europäische Rechtsvergleichung; internationales Privatrecht; notarielle Praxis; praktische Relevanz; wissenschaftlicher Mitarbeiter; zivilistisches Seminar</subfield><subfield code="2">idssg-J</subfield></datafield><datafield ind1=" " ind2=" " tag="690"><subfield code="a">Schweiz C4EXSI; Kanada C1CANA; Österreich C4EUAU</subfield><subfield code="2">idssg-J</subfield></datafield><datafield ind1=" " ind2=" " tag="690"><subfield code="a">Alexander Lueger Stämpfli; Alexander Lueger Stämpfli Stephan Wolf Martin Eggel Prof. Dr.iur.; Hans Rainer Künzle; Hans Rainer Künzle Prof. Dr.iur. Regina Aebi Müller BLaw; Hans Rainer Künzle Prof. Dr.oec. Rechtsanwalt Titularprofessor; international Privatrecht Europäisches Privatrecht; Lehrstuhl Aebi Müller Lebensversicherungen; Martin Eggel Prof. Dr.iur. Simon Laimer Prof. Dr.oec.; Regina Aebi MüllerAlexander Lueger Prof. Dr.iur. Fürsprecherin; Stephan WolfDr; Stephan Wolf Martin Eggel Prof. Dr.iur. Fürsprecher; Universität Bern Aktuelles; Universität Bern Dr.iur. Rechtsanwalt; Universität Bern Ehegüter; Universität Bern Jüngere; Universität Luzern BLaw; Universität Zürich Of Counsel; verwaltungsrat KENDRIS</subfield><subfield code="2">idssg-J</subfield></datafield><datafield ind1=" " ind2=" " tag="691"><subfield code="e">PC 25 CH-BE</subfield><subfield code="2">rzs-L1</subfield></datafield><datafield ind1=" " ind2=" " tag="691"><subfield code="e">PC 66.2 CH-BE</subfield><subfield code="2">rzs-L1</subfield></datafield><datafield ind1="1" ind2=" " tag="700"><subfield code="a">Eggel, Martin</subfield><subfield code="d">1985-</subfield><subfield code="0">(DE-588)1060738813</subfield><subfield code="4">aut</subfield></datafield><datafield ind1="1" ind2=" " tag="700"><subfield code="a">Laimer, Simon</subfield><subfield code="d">1975-</subfield><subfield code="0">(DE-588)132496062</subfield><subfield code="4">aut</subfield></datafield><datafield ind1="1" ind2=" " tag="700"><subfield code="a">Künzle, Hans Rainer</subfield><subfield code="d">1956-</subfield><subfield code="0">(DE-588)172199948</subfield><subfield code="4">aut</subfield></datafield><datafield ind1="1" ind2=" " tag="700"><subfield code="a">Aebi-Müller, Regina E.</subfield><subfield code="d">1971-</subfield><subfield code="0">(DE-588)1024502996</subfield><subfield code="4">aut</subfield></datafield><datafield ind1="1" ind2=" " tag="700"><subfield code="a">Lueger, Alexander</subfield><subfield code="4">aut</subfield></datafield><datafield ind1="1" ind2=" " tag="700"><subfield code="a">Wolf, Stephan</subfield><subfield code="d">1961-</subfield><subfield code="0">(DE-588)1028583273</subfield><subfield code="4">aut</subfield><subfield code="6">880-07</subfield></datafield><datafield ind1="1" ind2=" " tag="880"><subfield code="6">700-07</subfield><subfield code="a">Wolf, Stephan</subfield><subfield code="c">juriste</subfield><subfield code="d">1961-....</subfield><subfield code="0">(IDREF)123104327</subfield><subfield code="4">ctb</subfield></datafield><datafield ind1="2" ind2=" " tag="710"><subfield code="a">Verband Bernischer Notare</subfield><subfield code="b">Weiterbildungstagung</subfield><subfield code="d">2019</subfield><subfield code="c">Bern</subfield></datafield><datafield ind1="2" ind2=" " tag="710"><subfield code="a">Universität Bern</subfield><subfield code="b">Institut für Notariatsrecht und Notarielle Praxis</subfield><subfield code="b">Weiterbildungstagung</subfield><subfield code="d">2019</subfield><subfield code="c">Bern</subfield></datafield><datafield ind1=" " ind2="0" tag="830"><subfield code="a">Schriften INR</subfield><subfield code="v">25</subfield><subfield code="w">(IDSSG)000330026HSB01</subfield></datafield><datafield ind1="4" ind2=" " tag="856"><subfield code="3">Titelblatt und Inhaltsverzeichnis</subfield><subfield code="u">https://toc.library.ethz.ch/objects/pdf03/z16_978-3-7272-0765-5_01.pdf</subfield><subfield code="q">pdf</subfield></datafield><datafield ind1=" " ind2=" " tag="900"><subfield code="a">Stoppsignal FRED</subfield></datafield><datafield ind1=" " ind2=" " tag="900"><subfield code="a">IDSZ2zbzmon202001l</subfield><subfield code="c">IDSZ2zimm</subfield><subfield code="d">IDSZ2zbzswk202001g</subfield><subfield code="e">IDSZ2bruu</subfield></datafield><datafield ind1=" " ind2=" " tag="900"><subfield code="a">IDSZ2rwimon20191106f</subfield><subfield code="c">IDSZ2kilch</subfield><subfield code="d">IDSZ2rwiswk201911b</subfield><subfield code="e">IDSZ2sust</subfield></datafield><datafield ind1=" " ind2=" " tag="949"><subfield code="a">https://toc.library.ethz.ch/objects/pdf03/z16_978-3-7272-0765-5_01.pdf</subfield></datafield></record>
</metadata></record>