<record><header><identifier>oai:alma.41SLSP_UGE:991000765029705502</identifier><datestamp>2023-04-01T00:11:55Z</datestamp><setSpec>uge_bcen_RapidILL_BOOK</setSpec><setSpec>uge_aaca_RapidILL_BOOK</setSpec><setSpec>uge_abels_RapidILL_BOOK</setSpec><setSpec>uge_dbu_RapidILL_BOOK</setSpec><setSpec>uge_cmu_RapidILL_BOOK</setSpec><setSpec>uge_mail_RapidILL_BOOK</setSpec><setSpec>uge_abbat_RapidILL_BOOK</setSpec><setSpec>UNIGE_ALL</setSpec><setSpec>uge_acar_RapidILL_BOOK</setSpec><setSpec>uge_aobs_RapidILL_BOOK</setSpec></header><metadata>
<record xmlns="http://www.loc.gov/MARC21/slim" xmlns:xsi="http://www.w3.org/2001/XMLSchema-instance" xsi:schemaLocation="http://www.loc.gov/MARC21/slim http://www.loc.gov/standards/marcxml/schema/MARC21slim.xsd"><leader>02564nam a2200577 c 4500</leader><controlfield tag="001">991000765029705502</controlfield><controlfield tag="005">20230331211226.0</controlfield><controlfield tag="008">201011s2008    be ||||| |||| 10| ||fre d</controlfield><datafield ind1=" " ind2=" " tag="019"><subfield code="a">1 notice analytique pour contribution de droit suisse</subfield><subfield code="5">RERO/neubfd/12.2010</subfield></datafield><datafield ind1=" " ind2=" " tag="020"><subfield code="a">9782802725176</subfield><subfield code="q">Bruylant</subfield></datafield><datafield ind1=" " ind2=" " tag="020"><subfield code="a">9782800414218</subfield><subfield code="q">Univ. de Bruxelles</subfield></datafield><datafield ind1=" " ind2=" " tag="035"><subfield code="a">(swissbib)227453131-41slsp_network</subfield></datafield><datafield ind1=" " ind2=" " tag="035"><subfield code="a">227453131</subfield><subfield code="9">ExL</subfield></datafield><datafield ind1=" " ind2=" " tag="035"><subfield code="a">(RERO)R004772369-41slsp</subfield></datafield><datafield ind1=" " ind2=" " tag="035"><subfield code="a">(NEBIS)005702707EBI01</subfield></datafield><datafield ind1=" " ind2=" " tag="035"><subfield code="a">(EXLNZ-41SLSP_NETWORK)991119515109705501</subfield></datafield><datafield ind1=" " ind2=" " tag="040"><subfield code="a">RERO geheid</subfield><subfield code="d">CH-ZuSLS</subfield></datafield><datafield ind1=" " ind2="7" tag="072"><subfield code="a">dr</subfield><subfield code="2">rero</subfield></datafield><datafield ind1="0" ind2="4" tag="082"><subfield code="a">325</subfield></datafield><datafield ind1="0" ind2="4" tag="082"><subfield code="a">341</subfield></datafield><datafield ind1="1" ind2="4" tag="082"><subfield code="a">342.083</subfield><subfield code="2">22</subfield></datafield><datafield ind1=" " ind2=" " tag="084"><subfield code="a">D 17 e</subfield><subfield code="2">cjurrom</subfield></datafield><datafield ind1=" " ind2=" " tag="084"><subfield code="a">A 37 e</subfield><subfield code="2">cjurrom</subfield></datafield><datafield ind1="0" ind2="0" tag="245"><subfield code="a">Réfugiés, immigration clandestine et centres de rétention des immigrés clandestins en droit international</subfield><subfield code="c">Réseau Vitoria ... [et al.] ; sous la direction de Daniel Dormoy ... [et al.]</subfield></datafield><datafield ind1=" " ind2="1" tag="264"><subfield code="a">Bruxelles</subfield><subfield code="b">Bruylant</subfield><subfield code="c">2008</subfield></datafield><datafield ind1=" " ind2=" " tag="300"><subfield code="a">232 p.</subfield></datafield><datafield ind1=" " ind2=" " tag="336"><subfield code="b">txt</subfield><subfield code="2">rdacontent</subfield></datafield><datafield ind1=" " ind2=" " tag="337"><subfield code="b">n</subfield><subfield code="2">rdamedia</subfield></datafield><datafield ind1=" " ind2=" " tag="338"><subfield code="b">nc</subfield><subfield code="2">rdacarrier</subfield></datafield><datafield ind1="1" ind2=" " tag="490"><subfield code="a">Collection de droit international</subfield><subfield code="v">65</subfield></datafield><datafield ind1=" " ind2=" " tag="500"><subfield code="a">Issu du 3e colloque annuel du RFDI (Réseau francophone de droit international) qui s'est déroulé à Tunis le 6 mai 2006</subfield></datafield><datafield ind1=" " ind2="7" tag="650"><subfield code="a">Clandestinité</subfield><subfield code="0">(IDREF)132183692</subfield><subfield code="2">idref</subfield></datafield><datafield ind1=" " ind2="7" tag="650"><subfield code="a">Immigrés</subfield><subfield code="0">(IDREF)031082599</subfield><subfield code="2">idref</subfield></datafield><datafield ind1=" " ind2="7" tag="650"><subfield code="a">Droit international</subfield><subfield code="0">(IDREF)050627597</subfield><subfield code="2">idref</subfield></datafield><datafield ind1=" " ind2="7" tag="650"><subfield code="a">Flüchtling</subfield><subfield code="2">idszbz</subfield></datafield><datafield ind1=" " ind2="7" tag="650"><subfield code="a">Illegale Einwanderung</subfield><subfield code="2">idszbz</subfield></datafield><datafield ind1=" " ind2="7" tag="650"><subfield code="a">Völkerrecht</subfield><subfield code="2">idszbz</subfield></datafield><datafield ind1=" " ind2="0" tag="650"><subfield code="a">Emigration and immigration law</subfield></datafield><datafield ind1=" " ind2="0" tag="650"><subfield code="a">Emigration and immigration law</subfield><subfield code="x">Criminal provisions</subfield></datafield><datafield ind1=" " ind2="0" tag="650"><subfield code="a">Illegal aliens</subfield></datafield><datafield ind1=" " ind2="0" tag="650"><subfield code="a">Refugees</subfield><subfield code="x">Legal status, laws, etc</subfield></datafield><datafield ind1=" " ind2="7" tag="655"><subfield code="a">Actes de congrès</subfield><subfield code="0">(IDREF)02886431X</subfield><subfield code="2">idref</subfield></datafield><datafield ind1="1" ind2=" " tag="700"><subfield code="a">Dormoy, Daniel</subfield><subfield code="c">juriste</subfield><subfield code="d">1946-....</subfield><subfield code="0">(IDREF)028805925</subfield></datafield><datafield ind1="2" ind2=" " tag="710"><subfield code="a">Réseau francophone de droit international</subfield><subfield code="b">Colloque annuel</subfield><subfield code="n">3</subfield><subfield code="d">2006</subfield><subfield code="c">Tunis</subfield><subfield code="0">(RERO)A018347724</subfield></datafield><datafield ind1="2" ind2=" " tag="710"><subfield code="6">880-04</subfield><subfield code="a">Réseau Vitoria</subfield><subfield code="g">France</subfield><subfield code="0">(IDREF)035548665</subfield></datafield><datafield ind1="2" ind2=" " tag="880"><subfield code="a">Réseau Vitoria</subfield><subfield code="0">(DE-588)5518154-5</subfield><subfield code="6">710-04</subfield></datafield><datafield ind1="4" ind2=" " tag="856"><subfield code="3">Titelblatt und Inhaltsverzeichnis</subfield><subfield code="u">https://toc.library.ethz.ch/objects/pdf/z01_978-2-8004-1421-8_01.pdf</subfield><subfield code="q">pdf</subfield></datafield><datafield ind1=" " ind2=" " tag="830"><subfield code="a">Collection de droit international</subfield><subfield code="v">65</subfield><subfield code="w">(NEBIS)001474799EBI01</subfield></datafield><datafield ind1=" " ind2=" " tag="830"><subfield code="a">Collection de droit international</subfield><subfield code="p">Bruylant</subfield><subfield code="v">65</subfield><subfield code="w">(RERO)0406593-41slsp</subfield></datafield><datafield ind1=" " ind2=" " tag="900"><subfield code="a">REROnoselfmerge</subfield></datafield><datafield ind1=" " ind2=" " tag="900"><subfield code="a">IDSZ2zbzmon200902f</subfield><subfield code="c">IDSZ2meyc</subfield><subfield code="d">IDSZ2zbzswk200902b</subfield><subfield code="e">IDSZ2bruu</subfield></datafield><datafield ind1=" " ind2=" " tag="949"><subfield code="a">https://toc.library.ethz.ch/objects/pdf/z01_978-2-8004-1421-8_01.pdf</subfield></datafield><datafield ind1=" " ind2=" " tag="961"><subfield code="2">gsi</subfield><subfield code="a">325</subfield><subfield code="9">LOCAL</subfield></datafield></record>
</metadata></record>