<record><header><identifier>oai:alma.41SLSP_UGE:991000765339705502</identifier><datestamp>2023-04-13T00:10:05Z</datestamp><setSpec>uge_bcen_RapidILL_BOOK</setSpec><setSpec>uge_aaca_RapidILL_BOOK</setSpec><setSpec>uge_abels_RapidILL_BOOK</setSpec><setSpec>uge_dbu_RapidILL_BOOK</setSpec><setSpec>uge_cmu_RapidILL_BOOK</setSpec><setSpec>uge_mail_RapidILL_BOOK</setSpec><setSpec>uge_abbat_RapidILL_BOOK</setSpec><setSpec>UNIGE_ALL</setSpec><setSpec>uge_acar_RapidILL_BOOK</setSpec><setSpec>uge_aobs_RapidILL_BOOK</setSpec></header><metadata>
<record xmlns="http://www.loc.gov/MARC21/slim" xmlns:xsi="http://www.w3.org/2001/XMLSchema-instance" xsi:schemaLocation="http://www.loc.gov/MARC21/slim http://www.loc.gov/standards/marcxml/schema/MARC21slim.xsd"><leader>02527nam a2200625 c 4500</leader><controlfield tag="001">991000765339705502</controlfield><controlfield tag="005">20230412203916.0</controlfield><controlfield tag="008">201011s2003    xxu||||| |||| 00| ||eng d</controlfield><datafield ind1=" " ind2=" " tag="010"><subfield code="a">2002015861</subfield></datafield><datafield ind1=" " ind2=" " tag="015"><subfield code="a">GBA3-V7862</subfield></datafield><datafield ind1="7" ind2=" " tag="016"><subfield code="a">0801871913</subfield><subfield code="2">Uk</subfield></datafield><datafield ind1=" " ind2=" " tag="020"><subfield code="a">0801871913</subfield><subfield code="q">alk. paper</subfield><subfield code="c">£33.50</subfield></datafield><datafield ind1="7" ind2=" " tag="024"><subfield code="a">http://catalogue.bnf.fr/ark:/12148/cb400248153</subfield><subfield code="2">uri</subfield></datafield><datafield ind1=" " ind2=" " tag="035"><subfield code="a">(swissbib)212962256-41slsp_network</subfield></datafield><datafield ind1=" " ind2=" " tag="035"><subfield code="a">212962256</subfield><subfield code="9">ExL</subfield></datafield><datafield ind1=" " ind2=" " tag="035"><subfield code="a">(RERO)R003736341-41slsp</subfield></datafield><datafield ind1=" " ind2=" " tag="035"><subfield code="a">(IDSBB)002974772DSV01</subfield></datafield><datafield ind1=" " ind2=" " tag="035"><subfield code="a">(NEBIS)004440040EBI01</subfield></datafield><datafield ind1=" " ind2=" " tag="035"><subfield code="a">(EXLNZ-41SLSP_NETWORK)991067166949705501</subfield></datafield><datafield ind1=" " ind2=" " tag="040"><subfield code="a">RERO neubfl</subfield><subfield code="d">CH-ZuSLS</subfield></datafield><datafield ind1=" " ind2=" " tag="050"><subfield code="a">PQ1528</subfield><subfield code="b">.H45 2001</subfield></datafield><datafield ind1=" " ind2="7" tag="072"><subfield code="a">fm</subfield><subfield code="2">rero</subfield></datafield><datafield ind1=" " ind2="7" tag="072"><subfield code="a">fr</subfield><subfield code="2">SzZuIDS BS/BE</subfield></datafield><datafield ind1="0" ind2="0" tag="082"><subfield code="a">841/.1</subfield><subfield code="2">21</subfield></datafield><datafield ind1="1" ind2="4" tag="082"><subfield code="a">841.1</subfield><subfield code="2">22</subfield></datafield><datafield ind1=" " ind2=" " tag="084"><subfield code="a">IE 6665</subfield><subfield code="2">rvk</subfield></datafield><datafield ind1="1" ind2=" " tag="100"><subfield code="a">Heller-Roazen, Daniel</subfield><subfield code="d">1974-</subfield><subfield code="0">(DE-588)134084187</subfield><subfield code="6">880-01</subfield></datafield><datafield ind1="1" ind2=" " tag="880"><subfield code="6">100-01</subfield><subfield code="a">Heller-Roazen, Daniel </subfield><subfield code="d">1974-....</subfield><subfield code="0">(IDREF)075450844</subfield><subfield code="4">cre</subfield></datafield><datafield ind1="1" ind2="0" tag="245"><subfield code="a">Fortune's faces</subfield><subfield code="b">the &quot;Roman de la rose&quot; and the poetics of contingency</subfield><subfield code="c">Daniel Heller-Roazen</subfield></datafield><datafield ind1=" " ind2="1" tag="264"><subfield code="a">Baltimore Md. [etc.]</subfield><subfield code="b">The Johns Hopkins University Press</subfield><subfield code="c">2003</subfield></datafield><datafield ind1=" " ind2=" " tag="300"><subfield code="a">XIII, 206 p.</subfield><subfield code="c">24 cm</subfield></datafield><datafield ind1=" " ind2=" " tag="336"><subfield code="b">txt</subfield><subfield code="2">rdacontent</subfield></datafield><datafield ind1=" " ind2=" " tag="337"><subfield code="b">n</subfield><subfield code="2">rdamedia</subfield></datafield><datafield ind1=" " ind2=" " tag="338"><subfield code="b">nc</subfield><subfield code="2">rdacarrier</subfield></datafield><datafield ind1="1" ind2=" " tag="490"><subfield code="a">Parallax : re-visions of culture and society</subfield></datafield><datafield ind1=" " ind2=" " tag="504"><subfield code="a">Includes bibliographical references and index</subfield></datafield><datafield ind1="0" ind2="7" tag="600"><subfield code="a">Guillaume</subfield><subfield code="c">de Lorris</subfield><subfield code="2">idsbb</subfield></datafield><datafield ind1="0" ind2="7" tag="600"><subfield code="a">Jean</subfield><subfield code="c">de Meung</subfield><subfield code="x">&lt;&lt;Le&gt;&gt; roman de la rose</subfield><subfield code="2">idsbb</subfield></datafield><datafield ind1="0" ind2="0" tag="600"><subfield code="a">Guillaume</subfield><subfield code="c">de Lorris</subfield><subfield code="d">fl. 1230</subfield><subfield code="t">Roman de la Rose</subfield></datafield><datafield ind1="0" ind2="7" tag="600"><subfield code="a">Jean (de Meung); Roman de la Rose</subfield><subfield code="2">idszbz</subfield></datafield><datafield ind1="0" ind2="7" tag="600"><subfield code="a">Guillaume (de Lorris); Roman de la Rose</subfield><subfield code="2">idszbz</subfield></datafield><datafield ind1="0" ind2="7" tag="600"><subfield code="a">Guillaume</subfield><subfield code="c">de Lorris</subfield><subfield code="d">ca. 12./13. Jahrhundert</subfield><subfield code="0">(DE-588)118543482</subfield><subfield code="2">gnd</subfield></datafield><datafield ind1="0" ind2="7" tag="600"><subfield code="a">Jean</subfield><subfield code="c">de Meung</subfield><subfield code="d">-1305</subfield><subfield code="t">Roman de la rose</subfield><subfield code="0">(DE-588)4128615-7</subfield><subfield code="2">gnd</subfield></datafield><datafield ind1="0" ind2="7" tag="600"><subfield code="a">Jean</subfield><subfield code="c">de Meung</subfield><subfield code="d">-1305</subfield><subfield code="0">(DE-588)118557203</subfield><subfield code="2">gnd</subfield></datafield><datafield ind1="0" ind2="7" tag="600"><subfield code="a">Jean</subfield><subfield code="c">de Meung</subfield><subfield code="d">-1305</subfield><subfield code="t">Roman de la Rose</subfield><subfield code="0">(DE-588)4128615-7</subfield><subfield code="2">gnd</subfield></datafield><datafield ind1="0" ind2="0" tag="600"><subfield code="a">Guillaume</subfield></datafield><datafield ind1="0" ind2="0" tag="600"><subfield code="a">Guillaume</subfield><subfield code="c">de Lorris</subfield><subfield code="d">active 1230</subfield><subfield code="t">Roman de la rose</subfield></datafield><datafield ind1="0" ind2="7" tag="630"><subfield code="a">Roman de la rose</subfield><subfield code="0">(RERO)A009995494</subfield><subfield code="2">rero</subfield></datafield><datafield ind1=" " ind2="7" tag="650"><subfield code="a">Motiv (Literatur)</subfield><subfield code="2">idszbz</subfield></datafield><datafield ind1=" " ind2="7" tag="650"><subfield code="a">Zufall</subfield><subfield code="2">idszbz</subfield></datafield><datafield ind1=" " ind2="7" tag="650"><subfield code="a">Poetik</subfield><subfield code="0">(DE-588)4046449-0</subfield><subfield code="2">gnd</subfield></datafield><datafield ind1=" " ind2="0" tag="650"><subfield code="a">Romance literature</subfield></datafield><datafield ind1="4" ind2=" " tag="856"><subfield code="3">Inhaltsverzeichnis</subfield><subfield code="u">http://www.ub.unibas.ch/tox/HBZ/HT013768316/PDF</subfield><subfield code="q">pdf</subfield></datafield><datafield ind1=" " ind2="0" tag="830"><subfield code="a">Parallax</subfield><subfield code="w">(RERO)1178919-41slsp</subfield></datafield><datafield ind1=" " ind2=" " tag="900"><subfield code="a">IDSZ2zbzmon200311f</subfield><subfield code="c">IDSZ2kobe</subfield><subfield code="d">IDSZ2zbzswk200404b</subfield><subfield code="e">IDSZ2groc</subfield></datafield><datafield ind1=" " ind2=" " tag="949"><subfield code="a">http://www.ub.unibas.ch/tox/HBZ/HT013768316/PDF</subfield></datafield></record>
</metadata></record>