<record><header><identifier>oai:alma.41SLSP_UGE:991000765129705502</identifier><datestamp>2023-04-13T00:11:47Z</datestamp><setSpec>uge_bcen_RapidILL_BOOK</setSpec><setSpec>uge_aaca_RapidILL_BOOK</setSpec><setSpec>uge_abels_RapidILL_BOOK</setSpec><setSpec>uge_dbu_RapidILL_BOOK</setSpec><setSpec>uge_cmu_RapidILL_BOOK</setSpec><setSpec>uge_mail_RapidILL_BOOK</setSpec><setSpec>uge_abbat_RapidILL_BOOK</setSpec><setSpec>UNIGE_ALL</setSpec><setSpec>uge_acar_RapidILL_BOOK</setSpec><setSpec>uge_aobs_RapidILL_BOOK</setSpec></header><metadata>
<record xmlns="http://www.loc.gov/MARC21/slim" xmlns:xsi="http://www.w3.org/2001/XMLSchema-instance" xsi:schemaLocation="http://www.loc.gov/MARC21/slim http://www.loc.gov/standards/marcxml/schema/MARC21slim.xsd"><leader>03077nam a2200613 c 4500</leader><controlfield tag="001">991000765129705502</controlfield><controlfield tag="005">20230412193529.0</controlfield><controlfield tag="008">201012s2015    fr ||||| |||| 00| ||fre d</controlfield><datafield ind1=" " ind2=" " tag="020"><subfield code="a">9782863642399</subfield><subfield code="c">24 EUR</subfield></datafield><datafield ind1=" " ind2=" " tag="020"><subfield code="a">2863642391</subfield></datafield><datafield ind1="7" ind2=" " tag="024"><subfield code="a">http://catalogue.bnf.fr/ark:/12148/cb443395659</subfield><subfield code="2">uri</subfield></datafield><datafield ind1=" " ind2=" " tag="035"><subfield code="a">(swissbib)233737197-41slsp_network</subfield></datafield><datafield ind1=" " ind2=" " tag="035"><subfield code="a">233737197</subfield><subfield code="9">ExL</subfield></datafield><datafield ind1=" " ind2=" " tag="035"><subfield code="a">(RERO)R008173470-41slsp</subfield></datafield><datafield ind1=" " ind2=" " tag="035"><subfield code="a">(NEBIS)010453064EBI01</subfield></datafield><datafield ind1=" " ind2=" " tag="035"><subfield code="a">(OCoLC)910101405</subfield></datafield><datafield ind1=" " ind2=" " tag="035"><subfield code="a">(EXLNZ-41SLSP_NETWORK)991073106689705501</subfield></datafield><datafield ind1=" " ind2=" " tag="040"><subfield code="a">FRBNF</subfield><subfield code="d">CH-ZuSLS</subfield></datafield><datafield ind1=" " ind2=" " tag="050"><subfield code="a">NA9000-9284</subfield></datafield><datafield ind1=" " ind2="7" tag="072"><subfield code="a">go</subfield><subfield code="2">rero</subfield></datafield><datafield ind1="0" ind2="4" tag="082"><subfield code="a">711</subfield><subfield code="2">15</subfield></datafield><datafield ind1="0" ind2="0" tag="245"><subfield code="a">Ville et voiture</subfield><subfield code="c">sous la dir. de Ariella Masboungi ; avec Mathis Güller ... [et al.]</subfield></datafield><datafield ind1=" " ind2="1" tag="264"><subfield code="a">Marseille</subfield><subfield code="b">Éd. Parenthèses</subfield><subfield code="c">2015</subfield></datafield><datafield ind1=" " ind2=" " tag="300"><subfield code="a">191 p.</subfield><subfield code="b">ill.</subfield><subfield code="c">26 cm</subfield></datafield><datafield ind1=" " ind2=" " tag="336"><subfield code="b">txt</subfield><subfield code="2">rdacontent</subfield></datafield><datafield ind1=" " ind2=" " tag="337"><subfield code="b">n</subfield><subfield code="2">rdamedia</subfield></datafield><datafield ind1=" " ind2=" " tag="338"><subfield code="b">nc</subfield><subfield code="2">rdacarrier</subfield></datafield><datafield ind1=" " ind2="7" tag="650"><subfield code="a">Circulation urbaine</subfield><subfield code="0">(IDREF)027391531</subfield><subfield code="2">idref</subfield></datafield><datafield ind1=" " ind2="7" tag="650"><subfield code="a">Politique des transports urbains</subfield><subfield code="0">(IDREF)027425460</subfield><subfield code="2">idref</subfield></datafield><datafield ind1=" " ind2="7" tag="650"><subfield code="a">Altermobilités</subfield><subfield code="0">(IDREF)150912269</subfield><subfield code="2">idref</subfield></datafield><datafield ind1=" " ind2="7" tag="650"><subfield code="a">Stadtverkehr</subfield><subfield code="0">(DE-588)4056783-7</subfield><subfield code="2">gnd</subfield></datafield><datafield ind1=" " ind2="7" tag="650"><subfield code="a">Verkehrsplanung</subfield><subfield code="0">(DE-588)4062954-5</subfield><subfield code="2">gnd</subfield></datafield><datafield ind1=" " ind2="7" tag="650"><subfield code="a">Straßenverkehr</subfield><subfield code="0">(DE-588)4057931-1</subfield><subfield code="2">gnd</subfield></datafield><datafield ind1=" " ind2="7" tag="650"><subfield code="a">Fußgängerverkehr</subfield><subfield code="0">(DE-588)4155750-5</subfield><subfield code="2">gnd</subfield></datafield><datafield ind1=" " ind2="7" tag="650"><subfield code="a">CIRCULATION DES VÉHICULES À MOTEUR (TRANSPORTS ET TRAFIC)</subfield><subfield code="9">fre</subfield><subfield code="0">(ETHUDK)000032366</subfield><subfield code="2">ethudk</subfield></datafield><datafield ind1=" " ind2="7" tag="650"><subfield code="a">CIRCULATION PIÉTONNIÈRE (TRANSPORTS ET TRAFIC)</subfield><subfield code="9">fre</subfield><subfield code="0">(ETHUDK)000032375</subfield><subfield code="2">ethudk</subfield></datafield><datafield ind1=" " ind2="7" tag="650"><subfield code="a">COLLECTIONS D'ARTICLES ET D'ESSAIS (TYPE DE DOCUMENT)</subfield><subfield code="9">fre</subfield><subfield code="0">(ETHUDK)000009249</subfield><subfield code="2">ethudk</subfield></datafield><datafield ind1=" " ind2="7" tag="650"><subfield code="a">COMPOSITION URBAINE + DESIGN URBAIN (URBANISME)</subfield><subfield code="9">fre</subfield><subfield code="0">(ETHUDK)000035350</subfield><subfield code="2">ethudk</subfield></datafield><datafield ind1=" " ind2="7" tag="650"><subfield code="a">GESTION DU TRAFIC (TRANSPORTS ET TRAFIC)</subfield><subfield code="9">fre</subfield><subfield code="0">(ETHUDK)000032320</subfield><subfield code="2">ethudk</subfield></datafield><datafield ind1=" " ind2="7" tag="650"><subfield code="a">MOBILITÉ SPATIALE (GÉOGRAPHIE)</subfield><subfield code="9">fre</subfield><subfield code="0">(ETHUDK)000063295</subfield><subfield code="2">ethudk</subfield></datafield><datafield ind1=" " ind2="7" tag="650"><subfield code="a">POLITIQUE DES TRANSPORTS</subfield><subfield code="9">fre</subfield><subfield code="0">(ETHUDK)000055852</subfield><subfield code="2">ethudk</subfield></datafield><datafield ind1=" " ind2="7" tag="650"><subfield code="a">TRAFIC URBAIN + PLANIFICATION DU TRAFIC URBAIN (TRANSPORTS ET TRAFIC)</subfield><subfield code="9">fre</subfield><subfield code="0">(ETHUDK)000032321</subfield><subfield code="2">ethudk</subfield></datafield><datafield ind1=" " ind2="7" tag="650"><subfield code="a">URBANISME (ENVIRONNEMENT CONSTRUIT)</subfield><subfield code="9">fre</subfield><subfield code="0">(ETHUDK)000035376</subfield><subfield code="2">ethudk</subfield></datafield><datafield ind1=" " ind2="7" tag="655"><subfield code="a">[Études diverses]</subfield><subfield code="0">(RERO)A022249905</subfield><subfield code="2">rero</subfield></datafield><datafield ind1=" " ind2="7" tag="655"><subfield code="a">Aufsatzsammlung</subfield><subfield code="2">gnd-content</subfield></datafield><datafield ind1="1" ind2=" " tag="700"><subfield code="a">Güller, Mathis</subfield><subfield code="d">1968-....</subfield><subfield code="0">(IDREF)186086539</subfield></datafield><datafield ind1="1" ind2=" " tag="700"><subfield code="a">Masboungi, Ariella</subfield><subfield code="d">1948-....</subfield><subfield code="0">(IDREF)030690684</subfield></datafield><datafield ind1="4" ind2="2" tag="856"><subfield code="u">http://catalogue.bnf.fr/ark:/12148/cb443395659</subfield><subfield code="2">uri</subfield></datafield><datafield ind1="4" ind2=" " tag="856"><subfield code="3">Titelblatt und Inhaltsverzeichnis</subfield><subfield code="u">https://toc.library.ethz.ch/objects/pdf03/e03_978-2-86364-239-9_01.pdf</subfield><subfield code="q">pdf</subfield></datafield><datafield ind1="4" ind2=" " tag="856"><subfield code="3">Abstract / Autoreninformation</subfield><subfield code="u">https://toc.library.ethz.ch/objects/pdf03/e03_978-2-86364-239-9_02.pdf</subfield><subfield code="q">pdf</subfield></datafield><datafield ind1=" " ind2=" " tag="900"><subfield code="a">REROnoselfmerge</subfield></datafield><datafield ind1=" " ind2=" " tag="900"><subfield code="a">IDSZ2zbzmon201509l</subfield><subfield code="c">IDSZ2tres</subfield><subfield code="d">IDSZ2zbzswk201512b</subfield><subfield code="e">IDSZ2tschu</subfield></datafield><datafield ind1=" " ind2=" " tag="910"><subfield code="a">BNF</subfield><subfield code="b">20150616</subfield><subfield code="c">Droits réservés</subfield></datafield><datafield ind1=" " ind2=" " tag="949"><subfield code="a">https://toc.library.ethz.ch/objects/pdf03/e03_978-2-86364-239-9_01.pdf</subfield></datafield><datafield ind1=" " ind2=" " tag="949"><subfield code="a">https://toc.library.ethz.ch/objects/pdf03/e03_978-2-86364-239-9_02.pdf</subfield></datafield></record>
</metadata></record>