<record><header><identifier>oai:alma.41SLSP_UGE:991000764599705502</identifier><datestamp>2024-07-04T00:07:17Z</datestamp><setSpec>uge_bcen_RapidILL_BOOK</setSpec><setSpec>uge_aaca_RapidILL_BOOK</setSpec><setSpec>uge_abels_RapidILL_BOOK</setSpec><setSpec>uge_dbu_RapidILL_BOOK</setSpec><setSpec>uge_cmu_RapidILL_BOOK</setSpec><setSpec>uge_mail_RapidILL_BOOK</setSpec><setSpec>uge_abbat_RapidILL_BOOK</setSpec><setSpec>UNIGE_ALL</setSpec><setSpec>uge_aobs_RapidILL_BOOK</setSpec><setSpec>uge_acar_RapidILL_BOOK</setSpec></header><metadata>
<record xmlns="http://www.loc.gov/MARC21/slim" xmlns:xsi="http://www.w3.org/2001/XMLSchema-instance" xsi:schemaLocation="http://www.loc.gov/MARC21/slim http://www.loc.gov/standards/marcxml/schema/MARC21slim.xsd"><leader>03897nam a2200673 c 4500</leader><controlfield tag="001">991000764599705502</controlfield><controlfield tag="005">20230913140534.0</controlfield><controlfield tag="008">201013s20202020fr     | |||| 000 0 fre|d</controlfield><datafield ind1=" " ind2=" " tag="020"><subfield code="a">2378960492</subfield></datafield><datafield ind1=" " ind2=" " tag="020"><subfield code="a">9782378960490</subfield><subfield code="c">€ 32.-</subfield></datafield><datafield ind1="3" ind2="0" tag="024"><subfield code="a">9782378960490</subfield></datafield><datafield ind1=" " ind2=" " tag="035"><subfield code="a">(swissbib)243284551-41slsp_network</subfield></datafield><datafield ind1=" " ind2=" " tag="035"><subfield code="a">243284551</subfield><subfield code="9">ExL</subfield></datafield><datafield ind1=" " ind2=" " tag="035"><subfield code="a">(IDSBB)007208486DSV01</subfield></datafield><datafield ind1=" " ind2=" " tag="035"><subfield code="a">(RERO)R009076570-41slsp</subfield></datafield><datafield ind1=" " ind2=" " tag="035"><subfield code="a">(OCoLC)1162984730</subfield></datafield><datafield ind1=" " ind2=" " tag="035"><subfield code="a">(EXLNZ-41SLSP_NETWORK)991116371699705501</subfield></datafield><datafield ind1=" " ind2=" " tag="040"><subfield code="a">ZWZ</subfield><subfield code="b">fre</subfield><subfield code="e">rda</subfield><subfield code="d">CH-ZuSLS BCUFR</subfield><subfield code="d">CH-ZuSLS VGE</subfield></datafield><datafield ind1=" " ind2="7" tag="072"><subfield code="a">ur</subfield><subfield code="2">CH-ZuSLS ubs</subfield></datafield><datafield ind1=" " ind2="7" tag="072"><subfield code="a">ba</subfield><subfield code="2">rero</subfield></datafield><datafield ind1="7" ind2="4" tag="082"><subfield code="a">300</subfield><subfield code="2">23sdnb</subfield></datafield><datafield ind1="7" ind2="4" tag="082"><subfield code="a">930</subfield><subfield code="2">23sdnb</subfield></datafield><datafield ind1="7" ind2="4" tag="082"><subfield code="a">390</subfield><subfield code="2">23sdnb</subfield></datafield><datafield ind1="1" ind2=" " tag="100"><subfield code="a">Étienne, Noémie</subfield><subfield code="d">1981-</subfield><subfield code="6">880-01</subfield><subfield code="0">(DE-588)1046299050</subfield><subfield code="4">aut</subfield></datafield><datafield ind1="1" ind2=" " tag="880"><subfield code="6">100-01</subfield><subfield code="a">Étienne, Noémie</subfield><subfield code="d">1981-....</subfield><subfield code="0">(IDREF)142533068</subfield><subfield code="4">aut</subfield></datafield><datafield ind1="1" ind2="0" tag="245"><subfield code="a">&lt;&lt;Les&gt;&gt; autres et les ancêtres</subfield><subfield code="b">les dioramas de Franz Boas et d'Arthur C. Parker à New York, 1900</subfield><subfield code="c">Noémie Étienne</subfield></datafield><datafield ind1=" " ind2="1" tag="264"><subfield code="a">Dijon</subfield><subfield code="b">Les presses du réel</subfield><subfield code="c">[2020]</subfield></datafield><datafield ind1=" " ind2=" " tag="300"><subfield code="a">342 pages</subfield><subfield code="b">illustrations</subfield></datafield><datafield ind1=" " ind2=" " tag="336"><subfield code="b">txt</subfield><subfield code="2">rdacontent</subfield></datafield><datafield ind1=" " ind2=" " tag="337"><subfield code="b">n</subfield><subfield code="2">rdamedia</subfield></datafield><datafield ind1=" " ind2=" " tag="338"><subfield code="b">nc</subfield><subfield code="2">rdacarrier</subfield></datafield><datafield ind1="0" ind2=" " tag="490"><subfield code="a">Collection Oeuvres en sociétés</subfield></datafield><datafield ind1=" " ind2=" " tag="504"><subfield code="a">Bibliogr. Index</subfield></datafield><datafield ind1=" " ind2=" " tag="520"><subfield code="a">Les dioramas sont des dispositifs d'exposition à la frontière de différentes disciplines (art, anthropologie, sciences naturelles), dont l'usage s'impose au cours du XIXe siècle notamment suite aux réformes cherchant à développer la dimension pédagogique des musées. Ce livre étudie les dioramas anthropologiques de deux musées états-uniens au début du XXe siècle : le musée d'Histoire naturelle de New York (avec les installations assemblées par l'anthropologue allemand Franz Boas) et le musée de l'État de New York (et ses dioramas supervisés par l'archéologue autochtone Arthur C. Parker). Tandis que les dioramas incluant des figures humaines font aujourd'hui l'objet de vives critiques et sont progressivement démantelés, une étude approfondie du travail des artistes et des scientifiques qui les ont réalisés permet d'éclairer leur genèse. Lieu de création et de médiation des savoirs, mêlant moulage, peinture, sculpture, photographie et objets collectés, les dioramas construisent une histoire qui est toujours politique. Ils fabriquent une vision de l'altérité mais aussi du passé qui fait coulisser l'espace et le temps au sein du musée. (4ème de couverture)</subfield></datafield><datafield ind1="1" ind2="7" tag="600"><subfield code="a">Boas, Franz</subfield><subfield code="d">1858-1942</subfield><subfield code="2">ram</subfield></datafield><datafield ind1="1" ind2="7" tag="600"><subfield code="a">Parker, Arthur Caswell</subfield><subfield code="d">1881-1955</subfield><subfield code="2">ram</subfield></datafield><datafield ind1="1" ind2="7" tag="600"><subfield code="a">Boas, Franz</subfield><subfield code="d">1858-1942</subfield><subfield code="0">(IDREF)028458486</subfield><subfield code="2">idref</subfield></datafield><datafield ind1="1" ind2="7" tag="600"><subfield code="a">Parker, Arthur Caswell</subfield><subfield code="d">1881-1955</subfield><subfield code="0">(IDREF)070025169</subfield><subfield code="2">idref</subfield></datafield><datafield ind1="2" ind2="7" tag="610"><subfield code="a">American museum of natural history</subfield><subfield code="g">New York, N.Y.</subfield><subfield code="0">(IDREF)03108608X</subfield><subfield code="2">idref</subfield></datafield><datafield ind1="2" ind2="7" tag="610"><subfield code="a">New York State Museum</subfield><subfield code="g">Albany, N.Y.</subfield><subfield code="0">(IDREF)032113560</subfield><subfield code="2">idref</subfield></datafield><datafield ind1=" " ind2="7" tag="650"><subfield code="a">Dioramas</subfield><subfield code="2">ram</subfield></datafield><datafield ind1=" " ind2="7" tag="650"><subfield code="a">Dioramas</subfield><subfield code="0">(IDREF)028292448</subfield><subfield code="2">idref</subfield></datafield><datafield ind1=" " ind2="7" tag="650"><subfield code="a">Musées ethnographiques</subfield><subfield code="0">(IDREF)02736920X</subfield><subfield code="2">idref</subfield></datafield><datafield ind1=" " ind2="7" tag="650"><subfield code="a">Anthropologie</subfield><subfield code="0">(IDREF)027295370</subfield><subfield code="2">idref</subfield></datafield><datafield ind1=" " ind2="7" tag="650"><subfield code="a">1900</subfield><subfield code="2">rero</subfield></datafield><datafield ind1=" " ind2=" " tag="690"><subfield code="a">Museologie</subfield><subfield code="2">ubs-A8</subfield></datafield><datafield ind1=" " ind2=" " tag="690"><subfield code="a">Ethnologie</subfield><subfield code="2">ubs-A8</subfield></datafield><datafield ind1=" " ind2="7" tag="648"><subfield code="a">Geschichte 1900-2000</subfield><subfield code="2">gnd</subfield></datafield><datafield ind1="1" ind2="7" tag="600"><subfield code="a">Boas, Franz</subfield><subfield code="d">1858-1942</subfield><subfield code="2">gnd</subfield><subfield code="0">(DE-588)118512153</subfield></datafield><datafield ind1="1" ind2="7" tag="600"><subfield code="a">Parker, Arthur Caswell</subfield><subfield code="d">1881-1955</subfield><subfield code="2">gnd</subfield><subfield code="0">(DE-588)123709512</subfield></datafield><datafield ind1="2" ind2="7" tag="610"><subfield code="a">American Museum of Natural History</subfield><subfield code="2">gnd</subfield><subfield code="0">(DE-588)1007948-8</subfield></datafield><datafield ind1="2" ind2="7" tag="610"><subfield code="a">New York State Museum</subfield><subfield code="2">gnd</subfield><subfield code="0">(DE-588)1007961-0</subfield></datafield><datafield ind1=" " ind2="7" tag="650"><subfield code="a">Diorama</subfield><subfield code="2">gnd</subfield><subfield code="0">(DE-588)4150023-4</subfield></datafield><datafield ind1=" " ind2="0" tag="830"><subfield code="a">Oeuvres en sociétés</subfield><subfield code="w">(RERO)R004665650-41slsp</subfield></datafield><datafield ind1="4" ind2="2" tag="856"><subfield code="3">Table des matières</subfield><subfield code="q">PDF</subfield><subfield code="u">https://urn.ub.unibe.ch/urn:ch:slsp:9782378960490:ihv:pdf</subfield></datafield><datafield ind1=" " ind2=" " tag="900"><subfield code="a">REROnoselfmerge</subfield></datafield><datafield ind1=" " ind2=" " tag="900"><subfield code="a">Stoppsignal FRED</subfield><subfield code="x">UZB/Z01/202303</subfield></datafield><datafield ind1=" " ind2=" " tag="900"><subfield code="a">OK_GND</subfield><subfield code="x">UZB/Z01/202303/lomb</subfield></datafield><datafield ind1=" " ind2=" " tag="903"><subfield code="a">RERO-SIGN</subfield><subfield code="5">BCUFR/20220202/pbr</subfield></datafield><datafield ind1=" " ind2=" " tag="949"><subfield code="a">https://urn.ub.unibe.ch/urn:ch:slsp:9782378960490:ihv:pdf</subfield></datafield><datafield ind1=" " ind2=" " tag="993"><subfield code="a">BFLA 297237</subfield><subfield code="x">ge/ulha/a/20/1006</subfield><subfield code="9">LOCAL</subfield></datafield></record>
</metadata></record>