<record><header><identifier>oai:alma.41SLSP_UGE:991000765119705502</identifier><datestamp>2023-03-01T01:09:58Z</datestamp><setSpec>uge_bcen_RapidILL_BOOK</setSpec><setSpec>uge_aaca_RapidILL_BOOK</setSpec><setSpec>uge_abels_RapidILL_BOOK</setSpec><setSpec>uge_dbu_RapidILL_BOOK</setSpec><setSpec>uge_cmu_RapidILL_BOOK</setSpec><setSpec>uge_mail_RapidILL_BOOK</setSpec><setSpec>UNIGE_ALL</setSpec><setSpec>uge_abbat_RapidILL_BOOK</setSpec><setSpec>uge_aobs_RapidILL_BOOK</setSpec><setSpec>uge_acar_RapidILL_BOOK</setSpec></header><metadata>
<record xmlns="http://www.loc.gov/MARC21/slim" xmlns:xsi="http://www.w3.org/2001/XMLSchema-instance" xsi:schemaLocation="http://www.loc.gov/MARC21/slim http://www.loc.gov/standards/marcxml/schema/MARC21slim.xsd"><leader>00989nam a2200289 c 4500</leader><controlfield tag="001">991000765119705502</controlfield><controlfield tag="005">20201222221546.0</controlfield><controlfield tag="008">111221s1861    gw ||||| |||| 00| ||ger d</controlfield><datafield ind1="7" ind2=" " tag="024"><subfield code="a">http://catalogue.bnf.fr/ark:/12148/cb31179116z</subfield><subfield code="2">uri</subfield></datafield><datafield ind1=" " ind2=" " tag="035"><subfield code="a">(swissbib)115069046-41slsp_network</subfield></datafield><datafield ind1=" " ind2=" " tag="035"><subfield code="a">115069046</subfield><subfield code="9">ExL</subfield></datafield><datafield ind1=" " ind2=" " tag="035"><subfield code="a">(RERO)R006365288-41slsp</subfield></datafield><datafield ind1=" " ind2=" " tag="035"><subfield code="a">(EXLNZ-41SLSP_NETWORK)991090522289705501</subfield></datafield><datafield ind1=" " ind2=" " tag="040"><subfield code="a">CIN</subfield><subfield code="d">CH-ZuSLS</subfield></datafield><datafield ind1=" " ind2="4" tag="050"><subfield code="a">BL785</subfield><subfield code="b">.R3</subfield></datafield><datafield ind1=" " ind2="7" tag="072"><subfield code="a">gr</subfield><subfield code="2">rero</subfield></datafield><datafield ind1="0" ind2="4" tag="082"><subfield code="a">292</subfield></datafield><datafield ind1="1" ind2=" " tag="100"><subfield code="a">Rathgeber, Georg</subfield><subfield code="d">1800-1875</subfield><subfield code="0">(IDREF)071595260</subfield><subfield code="4">cre</subfield></datafield><datafield ind1="1" ind2="0" tag="245"><subfield code="a">Gottheiten der Aioler, mit excursen kunstgeschichtlichen Inhaltes, auch mit dem Schema der Geschichte hellenischer Philosophie</subfield><subfield code="c">von Georg Rathgeber</subfield></datafield><datafield ind1=" " ind2="1" tag="264"><subfield code="a">Gotha</subfield><subfield code="b">E.F. Thienemann</subfield><subfield code="c">1861</subfield></datafield><datafield ind1=" " ind2=" " tag="300"><subfield code="a">1 p. l., xxviii, 692 p.</subfield><subfield code="c">28 x 23 cm.</subfield></datafield><datafield ind1=" " ind2=" " tag="336"><subfield code="b">txt</subfield><subfield code="2">rdacontent</subfield></datafield><datafield ind1=" " ind2=" " tag="337"><subfield code="b">n</subfield><subfield code="2">rdamedia</subfield></datafield><datafield ind1=" " ind2=" " tag="338"><subfield code="b">nc</subfield><subfield code="2">rdacarrier</subfield></datafield><datafield ind1=" " ind2="0" tag="650"><subfield code="a">Aeolians</subfield></datafield><datafield ind1=" " ind2="0" tag="650"><subfield code="a">Mythology, Greek</subfield></datafield><datafield ind1=" " ind2=" " tag="900"><subfield code="a">REROnoselfmerge</subfield></datafield><datafield ind1=" " ind2=" " tag="910"><subfield code="a">OCoLC</subfield><subfield code="b">20111221</subfield><subfield code="c">Droits réservés</subfield></datafield></record>
</metadata></record>