<record><header><identifier>oai:alma.41SLSP_UGE:991000765429705502</identifier><datestamp>2023-03-01T01:09:58Z</datestamp><setSpec>uge_bcen_RapidILL_BOOK</setSpec><setSpec>uge_aaca_RapidILL_BOOK</setSpec><setSpec>uge_abels_RapidILL_BOOK</setSpec><setSpec>uge_dbu_RapidILL_BOOK</setSpec><setSpec>uge_cmu_RapidILL_BOOK</setSpec><setSpec>uge_mail_RapidILL_BOOK</setSpec><setSpec>UNIGE_ALL</setSpec><setSpec>uge_abbat_RapidILL_BOOK</setSpec><setSpec>uge_acar_RapidILL_BOOK</setSpec><setSpec>uge_aobs_RapidILL_BOOK</setSpec></header><metadata>
<record xmlns="http://www.loc.gov/MARC21/slim" xmlns:xsi="http://www.w3.org/2001/XMLSchema-instance" xsi:schemaLocation="http://www.loc.gov/MARC21/slim http://www.loc.gov/standards/marcxml/schema/MARC21slim.xsd"><leader>01434nam a2200337 c 4500</leader><controlfield tag="001">991000765429705502</controlfield><controlfield tag="005">20230128195714.0</controlfield><controlfield tag="008">000815s1996    fr ||||| |||| 00| ||fre d</controlfield><datafield ind1=" " ind2=" " tag="020"><subfield code="a">2070743888</subfield></datafield><datafield ind1="7" ind2=" " tag="024"><subfield code="a">http://catalogue.bnf.fr/ark:/12148/cb361553849</subfield><subfield code="2">uri</subfield></datafield><datafield ind1=" " ind2=" " tag="035"><subfield code="a">(swissbib)091196124-41slsp_network</subfield></datafield><datafield ind1=" " ind2=" " tag="035"><subfield code="a">091196124</subfield><subfield code="9">ExL</subfield></datafield><datafield ind1=" " ind2=" " tag="035"><subfield code="a">(RERO)2192292-41slsp</subfield></datafield><datafield ind1=" " ind2=" " tag="035"><subfield code="a">(EXLNZ-41SLSP_NETWORK)991096960719705501</subfield></datafield><datafield ind1=" " ind2=" " tag="040"><subfield code="a">RERO labcud</subfield><subfield code="d">CH-ZuSLS</subfield></datafield><datafield ind1=" " ind2="7" tag="072"><subfield code="a">ps</subfield><subfield code="2">rero</subfield></datafield><datafield ind1=" " ind2="7" tag="072"><subfield code="a">th</subfield><subfield code="2">rero</subfield></datafield><datafield ind1="1" ind2=" " tag="100"><subfield code="a">Dolto, Françoise</subfield><subfield code="d">1908-1988</subfield><subfield code="0">(IDREF)026833980</subfield><subfield code="4">cre</subfield></datafield><datafield ind1="1" ind2="0" tag="245"><subfield code="a">&lt;&lt;Les&gt;&gt; Evangiles et la foi au risque de la psychanalyse ; ou la vie du désir</subfield><subfield code="c">Françoise Dolto, Gérard Sévérin ; éd. augm. et présentée par Gérard Sévérin, annotée par Claude Baldy-Moulinier</subfield></datafield><datafield ind1=" " ind2="1" tag="264"><subfield code="a">[Paris]</subfield><subfield code="b">Gallimard</subfield><subfield code="c">1996</subfield></datafield><datafield ind1=" " ind2=" " tag="300"><subfield code="a">401 p.</subfield><subfield code="c">23 cm</subfield></datafield><datafield ind1=" " ind2=" " tag="336"><subfield code="b">txt</subfield><subfield code="2">rdacontent</subfield></datafield><datafield ind1=" " ind2=" " tag="337"><subfield code="b">n</subfield><subfield code="2">rdamedia</subfield></datafield><datafield ind1=" " ind2=" " tag="338"><subfield code="b">nc</subfield><subfield code="2">rdacarrier</subfield></datafield><datafield ind1="1" ind2=" " tag="490"><subfield code="a">Entretiens / Françoise Dolto</subfield><subfield code="v">2</subfield></datafield><datafield ind1="0" ind2=" " tag="490"><subfield code="a">Collection Françoise Dolto</subfield></datafield><datafield ind1=" " ind2=" " tag="500"><subfield code="a">Paru précédemment en trois volumes sous le titre: L'Evangile au risque de la psychanalyse (2 vol.) et La foi au risque de la psychanalyse (1 vol.)</subfield></datafield><datafield ind1="0" ind2="7" tag="630"><subfield code="a">Bible</subfield><subfield code="p">NT</subfield><subfield code="p">Evangiles</subfield><subfield code="0">(RERO)A009967483</subfield><subfield code="2">rero</subfield></datafield><datafield ind1=" " ind2="7" tag="650"><subfield code="a">Psychanalyse</subfield><subfield code="0">(IDREF)027241505</subfield><subfield code="2">idref</subfield></datafield><datafield ind1="1" ind2=" " tag="700"><subfield code="a">Sévérin, Gérard</subfield><subfield code="c">psychanalyste</subfield><subfield code="d">1930-2015</subfield><subfield code="0">(IDREF)027134199</subfield></datafield><datafield ind1="1" ind2=" " tag="800"><subfield code="a">Dolto, Françoise</subfield><subfield code="d">1908-1988</subfield><subfield code="t">Entretiens</subfield><subfield code="v">2</subfield></datafield><datafield ind1=" " ind2=" " tag="900"><subfield code="a">REROnoselfmerge</subfield></datafield></record>
</metadata></record>