<record><header><identifier>oai:alma.41SLSP_UGE:991000764529705502</identifier><datestamp>2023-03-01T01:09:58Z</datestamp><setSpec>uge_bcen_RapidILL_BOOK</setSpec><setSpec>uge_aaca_RapidILL_BOOK</setSpec><setSpec>uge_abels_RapidILL_BOOK</setSpec><setSpec>uge_dbu_RapidILL_BOOK</setSpec><setSpec>uge_cmu_RapidILL_BOOK</setSpec><setSpec>uge_mail_RapidILL_BOOK</setSpec><setSpec>UNIGE_ALL</setSpec><setSpec>uge_abbat_RapidILL_BOOK</setSpec><setSpec>uge_aobs_RapidILL_BOOK</setSpec><setSpec>uge_acar_RapidILL_BOOK</setSpec></header><metadata>
<record xmlns="http://www.loc.gov/MARC21/slim" xmlns:xsi="http://www.w3.org/2001/XMLSchema-instance" xsi:schemaLocation="http://www.loc.gov/MARC21/slim http://www.loc.gov/standards/marcxml/schema/MARC21slim.xsd"><leader>01983nam a2200517 ca4500</leader><controlfield tag="001">991000764529705502</controlfield><controlfield tag="005">20201126052116.0</controlfield><controlfield tag="008">201011s1976    gw ||||| |||| 00| ||lat d</controlfield><datafield ind1=" " ind2=" " tag="020"><subfield code="a">3515021183</subfield></datafield><datafield ind1=" " ind2=" " tag="035"><subfield code="a">(swissbib)220931437-41slsp_network</subfield></datafield><datafield ind1=" " ind2=" " tag="035"><subfield code="a">220931437</subfield><subfield code="9">ExL</subfield></datafield><datafield ind1=" " ind2=" " tag="035"><subfield code="a">(RERO)0108518-41slsp</subfield></datafield><datafield ind1=" " ind2=" " tag="035"><subfield code="a">(IDSBB)000642957DSV01</subfield></datafield><datafield ind1=" " ind2=" " tag="035"><subfield code="a">(NEBIS)008740178EBI01</subfield></datafield><datafield ind1=" " ind2=" " tag="035"><subfield code="a">(EXLNZ-41SLSP_NETWORK)991134600329705501</subfield></datafield><datafield ind1=" " ind2=" " tag="040"><subfield code="a">RERO</subfield><subfield code="d">CH-ZuSLS</subfield></datafield><datafield ind1="0" ind2=" " tag="041"><subfield code="a">lat</subfield><subfield code="a">ger</subfield></datafield><datafield ind1=" " ind2=" " tag="050"><subfield code="a">BL800.V372</subfield><subfield code="b">C3M</subfield></datafield><datafield ind1=" " ind2="7" tag="072"><subfield code="a">la</subfield><subfield code="2">rero</subfield></datafield><datafield ind1=" " ind2="7" tag="072"><subfield code="a">kp</subfield><subfield code="2">SzZuIDS BS/BE</subfield></datafield><datafield ind1="1" ind2=" " tag="080"><subfield code="a">871VARR7Ant</subfield></datafield><datafield ind1="0" ind2="4" tag="082"><subfield code="a">874</subfield></datafield><datafield ind1=" " ind2=" " tag="084"><subfield code="a">BO 1400</subfield><subfield code="2">rvk</subfield></datafield><datafield ind1=" " ind2=" " tag="084"><subfield code="a">FX 171050</subfield><subfield code="2">rvk</subfield></datafield><datafield ind1=" " ind2=" " tag="084"><subfield code="a">FX 172100</subfield><subfield code="2">rvk</subfield></datafield><datafield ind1="1" ind2=" " tag="100"><subfield code="a">Varro, Marcus Terentius</subfield><subfield code="d">v116-v27</subfield><subfield code="0">(DE-588)118626183</subfield><subfield code="6">880-01</subfield></datafield><datafield ind1="1" ind2=" " tag="880"><subfield code="6">100-01</subfield><subfield code="a">Varron</subfield><subfield code="d">0116-0027 av. J.-C.</subfield><subfield code="0">(IDREF)027177866</subfield><subfield code="4">cre</subfield></datafield><datafield ind1="1" ind2="0" tag="245"><subfield code="a">Antiquitates rerum divinarum</subfield><subfield code="c">M. Terentius Varro ; [hrsg.] von Burkhart Cardauns</subfield></datafield><datafield ind1=" " ind2="1" tag="264"><subfield code="a">Mainz</subfield><subfield code="b">Akademie der Wissenschaften und der Literatur</subfield><subfield code="a">Wiesbaden</subfield><subfield code="b">F. Steiner</subfield><subfield code="c">1976</subfield></datafield><datafield ind1=" " ind2=" " tag="300"><subfield code="a">2 vol. (256 p.)</subfield><subfield code="c">24 cm</subfield></datafield><datafield ind1=" " ind2=" " tag="336"><subfield code="b">txt</subfield><subfield code="2">rdacontent</subfield></datafield><datafield ind1=" " ind2=" " tag="337"><subfield code="b">n</subfield><subfield code="2">rdamedia</subfield></datafield><datafield ind1=" " ind2=" " tag="338"><subfield code="b">nc</subfield><subfield code="2">rdacarrier</subfield></datafield><datafield ind1="1" ind2=" " tag="490"><subfield code="a">Abhandlungen der Geistes- und Sozialwissenschaftlichen Klasse. Einzelveröffentlichungen / Akademie der Wissenschaften und der Literatur Mainz</subfield><subfield code="v">1</subfield></datafield><datafield ind1="0" ind2="0" tag="505"><subfield code="g">[Bd.] 1</subfield><subfield code="t">Fragmente</subfield></datafield><datafield ind1="0" ind2="0" tag="505"><subfield code="g">[Bd.] 2</subfield><subfield code="t">Kommentar</subfield></datafield><datafield ind1="0" ind2="0" tag="505"><subfield code="g">Teil 1:</subfield><subfield code="t">Die Fragmente. - 123 p</subfield></datafield><datafield ind1="0" ind2="0" tag="505"><subfield code="g">Teil 2:</subfield><subfield code="t">Kommentar. - P. 126-256</subfield></datafield><datafield ind1="1" ind2="7" tag="600"><subfield code="a">Varro, Marcus Terentius</subfield><subfield code="d">v116-v27</subfield><subfield code="t">Antiquitates rerum divinarum</subfield><subfield code="0">(DE-588)4761051-7</subfield><subfield code="2">gnd</subfield></datafield><datafield ind1="1" ind2="0" tag="600"><subfield code="a">Varro, Marcus Terentius</subfield><subfield code="t">Antiquitates rerum divinarum</subfield></datafield><datafield ind1=" " ind2="7" tag="650"><subfield code="a">Kommentar</subfield><subfield code="0">(DE-588)4136710-8</subfield><subfield code="2">gnd</subfield></datafield><datafield ind1=" " ind2="0" tag="651"><subfield code="a">Rome</subfield><subfield code="x">Religion</subfield></datafield><datafield ind1=" " ind2=" " tag="690"><subfield code="a">Rom : Religion</subfield><subfield code="2">uzb-UL</subfield></datafield><datafield ind1="1" ind2=" " tag="700"><subfield code="a">Cardauns, Burkhart</subfield><subfield code="0">(IDREF)067694489</subfield></datafield><datafield ind1=" " ind2=" " tag="830"><subfield code="a">Abhandlungen der Geistes- und Sozialwissenschaftlichen Klasse</subfield><subfield code="p">Einzelveröffentlichung</subfield><subfield code="v">1</subfield><subfield code="w">(RERO)0166780-41slsp</subfield></datafield><datafield ind1=" " ind2=" " tag="900"><subfield code="a">REROnoselfmerge</subfield></datafield><datafield ind1=" " ind2=" " tag="900"><subfield code="f">IDSU2medea</subfield></datafield></record>
</metadata></record>