<record><header><identifier>oai:alma.41SLSP_UGE:991000765149705502</identifier><datestamp>2023-03-01T01:09:58Z</datestamp><setSpec>uge_cmu_RapidILL_JOURNAL</setSpec><setSpec>uge_aobs_RapidILL_JOURNAL</setSpec><setSpec>uge_aaca_RapidILL_JOURNAL</setSpec><setSpec>uge_bcen_RapidILL_JOURNAL</setSpec><setSpec>uge_abbat_RapidILL_JOURNAL</setSpec><setSpec>uge_mail_RapidILL_JOURNAL</setSpec><setSpec>uge_dbu_RapidILL_JOURNAL</setSpec><setSpec>uge_abels_RapidILL_JOURNAL</setSpec><setSpec>UNIGE_ALL</setSpec><setSpec>uge_acar_RapidILL_JOURNAL</setSpec></header><metadata>
<record xmlns="http://www.loc.gov/MARC21/slim" xmlns:xsi="http://www.w3.org/2001/XMLSchema-instance" xsi:schemaLocation="http://www.loc.gov/MARC21/slim http://www.loc.gov/standards/marcxml/schema/MARC21slim.xsd"><leader>01295nas a2200361 c 4500</leader><controlfield tag="001">991000765149705502</controlfield><controlfield tag="005">20210206211810.0</controlfield><controlfield tag="008">201012c19549999mc || p|  ||| 0    0fre d</controlfield><datafield ind1=" " ind2=" " tag="019"><subfield code="a">Rekat</subfield><subfield code="5">NEBIS/E32</subfield></datafield><datafield ind1=" " ind2=" " tag="022"><subfield code="a">0544-7631</subfield></datafield><datafield ind1=" " ind2=" " tag="035"><subfield code="a">(swissbib)237639920-41slsp_network</subfield></datafield><datafield ind1=" " ind2=" " tag="035"><subfield code="a">237639920</subfield><subfield code="9">ExL</subfield></datafield><datafield ind1=" " ind2=" " tag="035"><subfield code="a">(RERO)R003359205-41slsp</subfield></datafield><datafield ind1=" " ind2=" " tag="035"><subfield code="a">(NEBIS)006569569EBI01</subfield></datafield><datafield ind1=" " ind2=" " tag="035"><subfield code="a">(IDSBB)000084333DSV01</subfield></datafield><datafield ind1=" " ind2=" " tag="035"><subfield code="a">(EXLNZ-41SLSP_NETWORK)991159812859705501</subfield></datafield><datafield ind1=" " ind2=" " tag="040"><subfield code="a">RERO neubfl</subfield><subfield code="d">CH-ZuSLS</subfield></datafield><datafield ind1=" " ind2="7" tag="072"><subfield code="a">ar</subfield><subfield code="2">rero</subfield></datafield><datafield ind1=" " ind2="7" tag="072"><subfield code="a">ur</subfield><subfield code="2">SzZuIDS BS/BE</subfield></datafield><datafield ind1="1" ind2="4" tag="082"><subfield code="a">930</subfield><subfield code="2">15</subfield></datafield><datafield ind1="0" ind2="0" tag="245"><subfield code="a">Bulletin du Musée d'anthropologie préhistorique de Monaco</subfield></datafield><datafield ind1="1" ind2=" " tag="246"><subfield code="a">Publications du Musée d'anthropologie préhistorique de Monaco</subfield></datafield><datafield ind1=" " ind2="1" tag="264"><subfield code="a">Fontvielle</subfield><subfield code="b">Les Ed. de l'imprimerie nationale</subfield><subfield code="c">1954-</subfield></datafield><datafield ind1=" " ind2=" " tag="300"><subfield code="c">25 [puis] 30 cm</subfield></datafield><datafield ind1=" " ind2=" " tag="336"><subfield code="b">txt</subfield><subfield code="2">rdacontent</subfield></datafield><datafield ind1=" " ind2=" " tag="337"><subfield code="b">n</subfield><subfield code="2">rdamedia</subfield></datafield><datafield ind1=" " ind2=" " tag="338"><subfield code="b">nc</subfield><subfield code="2">rdacarrier</subfield></datafield><datafield ind1="0" ind2=" " tag="362"><subfield code="a">No 1(1954)-</subfield></datafield><datafield ind1=" " ind2=" " tag="500"><subfield code="a">Le no 1 est paru sous le titre: Publications du Musée d'anthropologie préhistorique de Monaco</subfield></datafield><datafield ind1=" " ind2="7" tag="655"><subfield code="a">Zeitschrift</subfield><subfield code="2">gnd-content</subfield></datafield><datafield ind1="1" ind2=" " tag="710"><subfield code="a">Musée d'anthropologie préhistorique</subfield><subfield code="g">Monaco</subfield><subfield code="0">(IDREF)133223191</subfield></datafield><datafield ind1="0" ind2="0" tag="780"><subfield code="t">Publications du Musée d'anthropologie préhistorique de Monaco</subfield><subfield code="w">(NEBIS)006130628EBI01</subfield></datafield><datafield ind1=" " ind2=" " tag="900"><subfield code="a">REROnoselfmerge</subfield></datafield><datafield ind1=" " ind2=" " tag="900"><subfield code="a">NEBISnoselfmerge</subfield></datafield></record>
</metadata></record>