<record><header><identifier>oai:alma.41SLSP_UGE:991000764949705502</identifier><datestamp>2024-02-10T01:26:54Z</datestamp><setSpec>uge_cmu_RapidILL_JOURNAL</setSpec><setSpec>uge_aobs_RapidILL_JOURNAL</setSpec><setSpec>uge_aaca_RapidILL_JOURNAL</setSpec><setSpec>uge_bcen_RapidILL_JOURNAL</setSpec><setSpec>uge_abbat_RapidILL_JOURNAL</setSpec><setSpec>uge_dbu_RapidILL_JOURNAL</setSpec><setSpec>uge_mail_RapidILL_JOURNAL</setSpec><setSpec>UNIGE_ALL</setSpec><setSpec>uge_abels_RapidILL_JOURNAL</setSpec><setSpec>uge_acar_RapidILL_JOURNAL</setSpec></header><metadata>
<record xmlns="http://www.loc.gov/MARC21/slim" xmlns:xsi="http://www.w3.org/2001/XMLSchema-instance" xsi:schemaLocation="http://www.loc.gov/MARC21/slim http://www.loc.gov/standards/marcxml/schema/MARC21slim.xsd"><leader>02175nas a2200553 c 4500</leader><controlfield tag="001">991000764949705502</controlfield><controlfield tag="005">20230207214342.0</controlfield><controlfield tag="008">201011c19979999it || p|  ||| 0    0ita d</controlfield><datafield ind1=" " ind2=" " tag="022"><subfield code="a">1125-6486</subfield></datafield><datafield ind1=" " ind2=" " tag="035"><subfield code="a">(swissbib)224774735-41slsp_network</subfield></datafield><datafield ind1=" " ind2=" " tag="035"><subfield code="a">224774735</subfield><subfield code="9">ExL</subfield></datafield><datafield ind1=" " ind2=" " tag="035"><subfield code="a">(RERO)R242811860-41slsp</subfield></datafield><datafield ind1=" " ind2=" " tag="035"><subfield code="a">(NEBIS)002033687EBI01</subfield></datafield><datafield ind1=" " ind2=" " tag="035"><subfield code="a">(SBT)000761453SBT01</subfield></datafield><datafield ind1=" " ind2=" " tag="035"><subfield code="a">(IDSBB)001934256DSV01</subfield></datafield><datafield ind1=" " ind2=" " tag="035"><subfield code="a">(EXLNZ-41SLSP_NETWORK)991061675989705501</subfield></datafield><datafield ind1=" " ind2=" " tag="040"><subfield code="a">RERO geulit</subfield><subfield code="d">CH-ZuSLS</subfield></datafield><datafield ind1="0" ind2=" " tag="041"><subfield code="a">ita</subfield></datafield><datafield ind1=" " ind2="7" tag="072"><subfield code="a">lc</subfield><subfield code="2">rero</subfield></datafield><datafield ind1=" " ind2="7" tag="072"><subfield code="a">it</subfield><subfield code="2">rero</subfield></datafield><datafield ind1=" " ind2="7" tag="072"><subfield code="a">al</subfield><subfield code="2">SzZuIDS BS/BE</subfield></datafield><datafield ind1=" " ind2="7" tag="072"><subfield code="a">it</subfield><subfield code="2">SzZuIDS BS/BE</subfield></datafield><datafield ind1="1" ind2="4" tag="082"><subfield code="a">800</subfield><subfield code="2">15</subfield></datafield><datafield ind1="0" ind2="0" tag="245"><subfield code="a">&lt;&lt;La&gt;&gt; parola del testo</subfield><subfield code="b">semestrale di filologia e letteratura italiana e comparata dal Medioevo al Rinascimento</subfield></datafield><datafield ind1="1" ind2=" " tag="246"><subfield code="a">Parola del testo</subfield><subfield code="b">rivista internazionale di letteratura italiana e comparata</subfield></datafield><datafield ind1=" " ind2="1" tag="264"><subfield code="a">Roma</subfield><subfield code="b">Zauli</subfield><subfield code="a">[poi] Pisa</subfield><subfield code="a">Roma</subfield><subfield code="b">F. Serra</subfield></datafield><datafield ind1=" " ind2=" " tag="300"><subfield code="a">Bände</subfield></datafield><datafield ind1=" " ind2=" " tag="310"><subfield code="a">Semestriel</subfield></datafield><datafield ind1=" " ind2=" " tag="336"><subfield code="b">txt</subfield><subfield code="2">rdacontent</subfield></datafield><datafield ind1=" " ind2=" " tag="337"><subfield code="b">n</subfield><subfield code="2">rdamedia</subfield></datafield><datafield ind1=" " ind2=" " tag="338"><subfield code="b">nc</subfield><subfield code="2">rdacarrier</subfield></datafield><datafield ind1="0" ind2=" " tag="362"><subfield code="a">Anno 1, fasc.1 (1997)-</subfield></datafield><datafield ind1=" " ind2=" " tag="500"><subfield code="a">Dès le volume 15 (2011), la revue est éditée par Fabrizio Serra et le sous-titre devient : rivista internazionale di letteratura italiana e comparata</subfield></datafield><datafield ind1=" " ind2=" " tag="500"><subfield code="a">Wechselnde Untertitel</subfield></datafield><datafield ind1=" " ind2=" " tag="500"><subfield code="a">Früherer Untertitel: semestrale di filologia e letteratura italiana e comparata dal Medioevo al Rinascimento</subfield></datafield><datafield ind1=" " ind2=" " tag="500"><subfield code="a">Früheres Impressum: Roma : Zauli</subfield></datafield><datafield ind1=" " ind2=" " tag="591"><subfield code="a">Zentralbibliothek (Zürich)</subfield><subfield code="b">Archivexemplar</subfield></datafield><datafield ind1=" " ind2="7" tag="650"><subfield code="a">Littérature italienne</subfield><subfield code="0">(IDREF)027806480</subfield><subfield code="2">idref</subfield></datafield><datafield ind1=" " ind2="7" tag="650"><subfield code="a">Italienisch</subfield><subfield code="2">idszbz</subfield></datafield><datafield ind1=" " ind2="7" tag="650"><subfield code="a">Philologie</subfield><subfield code="2">idszbz</subfield></datafield><datafield ind1=" " ind2="7" tag="650"><subfield code="a">Italienische Literatur</subfield><subfield code="v">Zeitschrift</subfield><subfield code="2">idsbb</subfield></datafield><datafield ind1=" " ind2="7" tag="655"><subfield code="a">Périodiques</subfield><subfield code="0">(IDREF)02724640X</subfield><subfield code="2">idref</subfield></datafield><datafield ind1=" " ind2="7" tag="655"><subfield code="a">Zeitschrift</subfield><subfield code="2">idszbz</subfield></datafield><datafield ind1=" " ind2="7" tag="655"><subfield code="a">Zeitschrift</subfield><subfield code="2">gnd-content</subfield></datafield><datafield ind1=" " ind2=" " tag="691"><subfield code="e">850.9</subfield><subfield code="a">Letteratura italiana. Storia, descrizione, studi critici</subfield><subfield code="2">usi-TE</subfield></datafield><datafield ind1="0" ind2="8" tag="776"><subfield code="i">Erscheint auch als Online-Ausgabe</subfield><subfield code="t">&lt;&lt;La&gt;&gt; parola del testo</subfield></datafield><datafield ind1=" " ind2=" " tag="900"><subfield code="a">REROnoselfmerge</subfield></datafield><datafield ind1=" " ind2=" " tag="900"><subfield code="a">IDSZ2zbz zss 1999 10</subfield><subfield code="b">IDSZ2e</subfield><subfield code="c">IDSZ2muew</subfield></datafield><datafield ind1=" " ind2=" " tag="900"><subfield code="d">IDSZ2zbz swk 1999 10</subfield><subfield code="e">IDSZ2brua</subfield></datafield><datafield ind1=" " ind2=" " tag="900"><subfield code="a">NEBISnoselfmerge</subfield></datafield><datafield ind1=" " ind2=" " tag="993"><subfield code="a">BFLP 1887</subfield><subfield code="x">ge/ulit/a</subfield><subfield code="9">LOCAL</subfield></datafield><datafield ind1="0" ind2=" " tag="787"><subfield code="t">Périodiques italien</subfield><subfield code="w">81232221160005502</subfield><subfield code="i">Alma Collection</subfield></datafield></record>
</metadata></record>