<record><header><identifier>oai:alma.41SLSP_UGE:991000764739705502</identifier><datestamp>2023-06-20T00:18:52Z</datestamp><setSpec>uge_bcen_RapidILL_BOOK</setSpec><setSpec>uge_aaca_RapidILL_BOOK</setSpec><setSpec>uge_abels_RapidILL_BOOK</setSpec><setSpec>uge_dbu_RapidILL_BOOK</setSpec><setSpec>uge_cmu_RapidILL_BOOK</setSpec><setSpec>uge_mail_RapidILL_BOOK</setSpec><setSpec>uge_abbat_RapidILL_BOOK</setSpec><setSpec>UNIGE_ALL</setSpec><setSpec>uge_acar_RapidILL_BOOK</setSpec><setSpec>uge_aobs_RapidILL_BOOK</setSpec></header><metadata>
<record xmlns="http://www.loc.gov/MARC21/slim" xmlns:xsi="http://www.w3.org/2001/XMLSchema-instance" xsi:schemaLocation="http://www.loc.gov/MARC21/slim http://www.loc.gov/standards/marcxml/schema/MARC21slim.xsd"><leader>03342nam a2200769 c 4500</leader><controlfield tag="001">991000764739705502</controlfield><controlfield tag="005">20230619200824.0</controlfield><controlfield tag="008">201012t20202020gw            00| i ger|d</controlfield><datafield ind1=" " ind2=" " tag="015"><subfield code="a">15N11</subfield><subfield code="2">dnb</subfield></datafield><datafield ind1="7" ind2=" " tag="016"><subfield code="a">1067968393</subfield><subfield code="2">DE-101</subfield></datafield><datafield ind1=" " ind2=" " tag="020"><subfield code="z">9783110665406</subfield><subfield code="q">e-ISBN PDF</subfield></datafield><datafield ind1=" " ind2=" " tag="020"><subfield code="a">9783110618792</subfield></datafield><datafield ind1=" " ind2=" " tag="035"><subfield code="a">(swissbib)237409550-41slsp_network</subfield></datafield><datafield ind1=" " ind2=" " tag="035"><subfield code="a">237409550</subfield><subfield code="9">ExL</subfield></datafield><datafield ind1=" " ind2=" " tag="035"><subfield code="a">(NEBIS)011623884EBI01</subfield></datafield><datafield ind1=" " ind2=" " tag="035"><subfield code="a">(IDSBB)007205962DSV01</subfield></datafield><datafield ind1=" " ind2=" " tag="035"><subfield code="a">(IDSLU)001404147ILU01</subfield></datafield><datafield ind1=" " ind2=" " tag="035"><subfield code="a">(RERO)R009061377-41slsp</subfield></datafield><datafield ind1=" " ind2=" " tag="035"><subfield code="a">(EXLNZ-41SLSP_NETWORK)991056769729705501</subfield></datafield><datafield ind1=" " ind2=" " tag="040"><subfield code="a">GBVCP</subfield><subfield code="b">ger</subfield><subfield code="e">rda</subfield><subfield code="d">CH-ZuSLS</subfield></datafield><datafield ind1=" " ind2="4" tag="050"><subfield code="a">B3092.A5</subfield></datafield><datafield ind1=" " ind2="4" tag="050"><subfield code="a">B3096</subfield></datafield><datafield ind1=" " ind2="7" tag="072"><subfield code="a">740</subfield><subfield code="2">IDS LU</subfield></datafield><datafield ind1=" " ind2="7" tag="072"><subfield code="a">th</subfield><subfield code="2">rero</subfield></datafield><datafield ind1=" " ind2="7" tag="072"><subfield code="a">ph</subfield><subfield code="2">rero</subfield></datafield><datafield ind1="0" ind2="4" tag="082"><subfield code="a">230</subfield></datafield><datafield ind1="7" ind2="4" tag="082"><subfield code="a">200</subfield><subfield code="2">23sdnb</subfield></datafield><datafield ind1="0" ind2="4" tag="082"><subfield code="a">230.044042</subfield></datafield><datafield ind1="1" ind2="4" tag="082"><subfield code="a">230</subfield><subfield code="2">15</subfield></datafield><datafield ind1=" " ind2=" " tag="084"><subfield code="a">BW 30180</subfield><subfield code="2">rvk</subfield></datafield><datafield ind1=" " ind2=" " tag="084"><subfield code="a">CG 6860</subfield><subfield code="2">rvk</subfield></datafield><datafield ind1=" " ind2=" " tag="084"><subfield code="a">BH 1500</subfield><subfield code="2">rvk</subfield></datafield><datafield ind1=" " ind2=" " tag="084"><subfield code="a">CG 6860</subfield><subfield code="2">rvk</subfield></datafield><datafield ind1="1" ind2=" " tag="100"><subfield code="a">Schleiermacher, Friedrich</subfield><subfield code="d">1768-1834</subfield><subfield code="6">880-04</subfield><subfield code="0">(DE-588)118608045</subfield><subfield code="4">aut</subfield></datafield><datafield ind1="1" ind2=" " tag="880"><subfield code="6">100-04/(B</subfield><subfield code="a">Schleiermacher, Friedrich Daniel Ernst</subfield><subfield code="d">1768-1834</subfield><subfield code="0">(IDREF)02721222X</subfield><subfield code="4">aut</subfield></datafield><datafield ind1="1" ind2="0" tag="245"><subfield code="a">Briefwechsel 1813-1816</subfield><subfield code="b">(Briefe 3931-4320)</subfield><subfield code="c">Friedrich Daniel Ernst Schleiermacher ; herausgegeben von Simon Gerber und Sarah Schmidt</subfield></datafield><datafield ind1=" " ind2="1" tag="264"><subfield code="a">Berlin</subfield><subfield code="b">De Gruyter</subfield><subfield code="c">[2020]</subfield></datafield><datafield ind1=" " ind2="4" tag="264"><subfield code="c">© 2020</subfield></datafield><datafield ind1=" " ind2=" " tag="300"><subfield code="a">LXXII, 519 Seiten</subfield><subfield code="c">25 cm</subfield></datafield><datafield ind1=" " ind2=" " tag="336"><subfield code="b">txt</subfield><subfield code="2">rdacontent</subfield></datafield><datafield ind1=" " ind2=" " tag="337"><subfield code="b">n</subfield><subfield code="2">rdamedia</subfield></datafield><datafield ind1=" " ind2=" " tag="338"><subfield code="b">nc</subfield><subfield code="2">rdacarrier</subfield></datafield><datafield ind1="1" ind2=" " tag="490"><subfield code="a">Kritische Gesamtausgabe / Friedrich Daniel Ernst Schleiermacher</subfield><subfield code="v">5. Abteilung, Band 13</subfield></datafield><datafield ind1="1" ind2=" " tag="490"><subfield code="a">Kritische Gesamtausgabe / Friedrich Daniel Ernst Schleiermacher. 5. Abteilung, Briefwechsel und biographische Dokumente</subfield><subfield code="v">Band 13</subfield></datafield><datafield ind1=" " ind2=" " tag="504"><subfield code="a">Literaturverzeichnis: Seiten [514]-519</subfield></datafield><datafield ind1="1" ind2="7" tag="600"><subfield code="a">Schleiermacher, Friedrich Daniel Ernst</subfield><subfield code="d">1768-1834</subfield><subfield code="0">(IDREF)02721222X</subfield><subfield code="2">idref</subfield></datafield><datafield ind1=" " ind2="7" tag="655"><subfield code="a">Correspondance</subfield><subfield code="0">(IDREF)027490122</subfield><subfield code="2">idref</subfield></datafield><datafield ind1="1" ind2="7" tag="600"><subfield code="a">Schleiermacher, Friedrich</subfield><subfield code="d">1768-1834</subfield><subfield code="2">fast</subfield></datafield><datafield ind1="1" ind2="7" tag="600"><subfield code="a">Schleiermacher, Friedrich</subfield><subfield code="d">1768-1834</subfield><subfield code="0">(DE-588)118608045</subfield><subfield code="2">gnd</subfield></datafield><datafield ind1="1" ind2="0" tag="600"><subfield code="a">Schleiermacher, Friedrich</subfield><subfield code="d">1768-1834</subfield><subfield code="v">Correspondence</subfield></datafield><datafield ind1=" " ind2="7" tag="650"><subfield code="a">Philosophers</subfield><subfield code="2">fast</subfield></datafield><datafield ind1=" " ind2="7" tag="650"><subfield code="a">Theologians</subfield><subfield code="2">fast</subfield></datafield><datafield ind1=" " ind2="0" tag="650"><subfield code="a">Philosophers</subfield><subfield code="z">Germany</subfield><subfield code="v">Correspondence</subfield></datafield><datafield ind1=" " ind2="0" tag="650"><subfield code="a">Theologians</subfield><subfield code="z">Germany</subfield><subfield code="v">Correspondence</subfield></datafield><datafield ind1=" " ind2="7" tag="650"><subfield code="a">Correspondance</subfield><subfield code="0">(IDREF)027490122</subfield><subfield code="2">idref</subfield></datafield><datafield ind1=" " ind2="7" tag="651"><subfield code="a">Germany</subfield><subfield code="2">fast</subfield></datafield><datafield ind1=" " ind2="7" tag="655"><subfield code="a">Briefsammlung</subfield><subfield code="y">1813-1816</subfield><subfield code="2">gnd-content</subfield></datafield><datafield ind1="1" ind2=" " tag="700"><subfield code="a">Schmidt, Sarah</subfield><subfield code="d">1971-</subfield><subfield code="0">(DE-588)133493520</subfield><subfield code="4">edt</subfield></datafield><datafield ind1="1" ind2=" " tag="700"><subfield code="6">880-03</subfield><subfield code="a">Gerber, Simon</subfield><subfield code="d">1967-</subfield><subfield code="0">(DE-588)120384337</subfield><subfield code="4">edt</subfield></datafield><datafield ind1="1" ind2=" " tag="880"><subfield code="6">700-03</subfield><subfield code="a">Gerber, Simon</subfield><subfield code="d">1967-....</subfield><subfield code="0">(IDREF)086919091</subfield><subfield code="4">edt</subfield></datafield><datafield ind1="4" ind2=" " tag="856"><subfield code="3">Titelblatt und Inhaltsverzeichnis</subfield><subfield code="u">https://toc.library.ethz.ch/objects/pdf03/z01_978-3-11-061879-2_01.pdf</subfield><subfield code="q">pdf</subfield></datafield><datafield ind1="1" ind2=" " tag="800"><subfield code="a">Schleiermacher, Friedrich</subfield><subfield code="d">1768-1834</subfield><subfield code="t">Briefwechsel und biographische Dokumente</subfield><subfield code="v">13</subfield><subfield code="w">(IDSLU)000190035ILU01</subfield></datafield><datafield ind1="1" ind2=" " tag="800"><subfield code="a">Schleiermacher, Friedrich</subfield><subfield code="d">1768-1834</subfield><subfield code="t">Werke</subfield><subfield code="v">5/13</subfield><subfield code="w">(IDSBB)000007963DSV01</subfield></datafield><datafield ind1="1" ind2=" " tag="800"><subfield code="a">Schleiermacher, Friedrich</subfield><subfield code="d">1768-1834</subfield><subfield code="t">Briefe</subfield><subfield code="v">13</subfield><subfield code="w">(IDSBB)000156667DSV01</subfield></datafield><datafield ind1="1" ind2=" " tag="800"><subfield code="a">Schleiermacher, Friedrich Ernst Daniel</subfield><subfield code="t">Kritische Gesamtausgabe</subfield><subfield code="v">5,13</subfield><subfield code="w">991159907809705501</subfield></datafield><datafield ind1=" " ind2=" " tag="900"><subfield code="a">IDSZ2zbzmon202007l</subfield><subfield code="c">IDSZ2kalh</subfield><subfield code="d">IDSZ2zbzswk202007k</subfield><subfield code="e">IDSZ2schu</subfield></datafield><datafield ind1=" " ind2=" " tag="903"><subfield code="a">RERO-SIGN</subfield><subfield code="5">BCUFR/20210610/mjo</subfield></datafield><datafield ind1=" " ind2=" " tag="949"><subfield code="a">https://toc.library.ethz.ch/objects/pdf03/z01_978-3-11-061879-2_01.pdf</subfield></datafield></record>
</metadata></record>