<record><header><identifier>oai:alma.41SLSP_UGE:991000765349705502</identifier><datestamp>2024-03-22T01:22:27Z</datestamp><setSpec>uge_bcen_RapidILL_BOOK</setSpec><setSpec>uge_aaca_RapidILL_BOOK</setSpec><setSpec>uge_abels_RapidILL_BOOK</setSpec><setSpec>uge_dbu_RapidILL_BOOK</setSpec><setSpec>uge_cmu_RapidILL_BOOK</setSpec><setSpec>uge_mail_RapidILL_BOOK</setSpec><setSpec>uge_abbat_RapidILL_BOOK</setSpec><setSpec>UNIGE_ALL</setSpec><setSpec>uge_acar_RapidILL_BOOK</setSpec><setSpec>uge_aobs_RapidILL_BOOK</setSpec></header><metadata>
<record xmlns="http://www.loc.gov/MARC21/slim" xmlns:xsi="http://www.w3.org/2001/XMLSchema-instance" xsi:schemaLocation="http://www.loc.gov/MARC21/slim http://www.loc.gov/standards/marcxml/schema/MARC21slim.xsd"><leader>01598naa a2200253 c 4500</leader><controlfield tag="001">991000765349705502</controlfield><controlfield tag="005">20240321234743.0</controlfield><controlfield tag="008">950426s1745    xxk||||| |||| 00| ||eng d</controlfield><datafield ind1=" " ind2=" " tag="035"><subfield code="a">(swissbib)089896157-41slsp_network</subfield></datafield><datafield ind1=" " ind2=" " tag="035"><subfield code="a">089896157</subfield><subfield code="9">ExL</subfield></datafield><datafield ind1=" " ind2=" " tag="035"><subfield code="a">(RERO)2012829-41slsp</subfield></datafield><datafield ind1=" " ind2=" " tag="035"><subfield code="a">(EXLNZ-41SLSP_NETWORK)991029853359705501</subfield></datafield><datafield ind1=" " ind2=" " tag="040"><subfield code="a">RERO gevbpu</subfield><subfield code="d">CH-ZuSLS</subfield></datafield><datafield ind1=" " ind2="7" tag="072"><subfield code="a">th</subfield><subfield code="2">rero</subfield></datafield><datafield ind1=" " ind2=" " tag="084"><subfield code="a">151.D.1</subfield><subfield code="2">brp</subfield></datafield><datafield ind1="1" ind2=" " tag="100"><subfield code="a">Annet, Peter</subfield><subfield code="d">1693-1769</subfield><subfield code="0">(IDREF)029959128</subfield><subfield code="4">cre</subfield></datafield><datafield ind1="1" ind2="0" tag="245"><subfield code="a">&lt;&lt;The&gt;&gt; resurrection defenders stript of all defence</subfield><subfield code="b">wherein is shewn, that all the predictions of it were unknown, that Christ's miracles were not believed, that his rising again was not expected, that the story of the watch is incredible, that the defenders, Mr. Sylvester, the Clearer, Mr. Chandler and Mr. Jackson, disagree in understanding the appearances, as much as the Evangelists in relating them, more proofs of evangelical discord, the authority of the Gospels of St. Matthew, Mark, Lude and John, and the Acts of the Apostles, examined and discovered</subfield></datafield><datafield ind1=" " ind2=" " tag="336"><subfield code="b">txt</subfield><subfield code="2">rdacontent</subfield></datafield><datafield ind1=" " ind2=" " tag="337"><subfield code="b">n</subfield><subfield code="2">rdamedia</subfield></datafield><datafield ind1=" " ind2=" " tag="338"><subfield code="b">nc</subfield><subfield code="2">rdacarrier</subfield></datafield><datafield ind1=" " ind2=" " tag="580"><subfield code="a">In: A collection of tracts of a certain free enquirer, noted by his sufferings for his opinions. - London : printed for the author and sold at the pamphlet shops in London and Westminster, 1745. - P. [403]-460</subfield></datafield><datafield ind1="0" ind2="7" tag="600"><subfield code="a">Jésus-Christ</subfield><subfield code="0">(IDREF)027325636</subfield><subfield code="2">idref</subfield></datafield><datafield ind1=" " ind2="7" tag="650"><subfield code="a">Résurrection</subfield><subfield code="0">(IDREF)027462250</subfield><subfield code="2">idref</subfield></datafield><datafield ind1="0" ind2=" " tag="773"><subfield code="t">Collection of tracts of a certain free enquirer, noted by his sufferings for his opinions</subfield><subfield code="g">P. [403]-460</subfield><subfield code="w">(RERO)2010317-41slsp</subfield></datafield><datafield ind1=" " ind2=" " tag="900"><subfield code="a">REROswissbibnomerge</subfield></datafield><datafield ind1=" " ind2=" " tag="993"><subfield code="a">IHR N 205(8)</subfield><subfield code="x">ge/uihr/a/2909</subfield><subfield code="9">LOCAL</subfield></datafield></record>
</metadata></record>