<record><header><identifier>oai:alma.41SLSP_UGE:991000765239705502</identifier><datestamp>2023-03-31T00:18:26Z</datestamp><setSpec>uge_bcen_RapidILL_BOOK</setSpec><setSpec>uge_aaca_RapidILL_BOOK</setSpec><setSpec>uge_abels_RapidILL_BOOK</setSpec><setSpec>uge_dbu_RapidILL_BOOK</setSpec><setSpec>uge_cmu_RapidILL_BOOK</setSpec><setSpec>uge_mail_RapidILL_BOOK</setSpec><setSpec>uge_abbat_RapidILL_BOOK</setSpec><setSpec>UNIGE_ALL</setSpec><setSpec>uge_acar_RapidILL_BOOK</setSpec><setSpec>uge_aobs_RapidILL_BOOK</setSpec></header><metadata>
<record xmlns="http://www.loc.gov/MARC21/slim" xmlns:xsi="http://www.w3.org/2001/XMLSchema-instance" xsi:schemaLocation="http://www.loc.gov/MARC21/slim http://www.loc.gov/standards/marcxml/schema/MARC21slim.xsd"><leader>02036nam a2200517 c 4500</leader><controlfield tag="001">991000765239705502</controlfield><controlfield tag="005">20230330192349.0</controlfield><controlfield tag="008">201012s1970    gw ||||| |||| 00| ||ger d</controlfield><datafield ind1=" " ind2=" " tag="019"><subfield code="a">Datenkonversion ZB Solothurn</subfield><subfield code="5">IDSBB/28.08.2016/blu</subfield></datafield><datafield ind1=" " ind2=" " tag="020"><subfield code="a">3503004629</subfield></datafield><datafield ind1=" " ind2=" " tag="035"><subfield code="a">(swissbib)236826077-41slsp_network</subfield></datafield><datafield ind1=" " ind2=" " tag="035"><subfield code="a">236826077</subfield><subfield code="9">ExL</subfield></datafield><datafield ind1=" " ind2=" " tag="035"><subfield code="a">(RERO)0180863-41slsp</subfield></datafield><datafield ind1=" " ind2=" " tag="035"><subfield code="a">(IDSBB)001574468DSV01</subfield></datafield><datafield ind1=" " ind2=" " tag="035"><subfield code="a">(IDSBB)006552298DSV01</subfield></datafield><datafield ind1=" " ind2=" " tag="035"><subfield code="a">(IDSLU)000736205ILU01</subfield></datafield><datafield ind1=" " ind2=" " tag="035"><subfield code="a">(NEBIS)008925662EBI01</subfield></datafield><datafield ind1=" " ind2=" " tag="035"><subfield code="a">(EXLNZ-41SLSP_NETWORK)991110725269705501</subfield></datafield><datafield ind1=" " ind2=" " tag="040"><subfield code="a">RERO</subfield><subfield code="d">CH-ZuSLS</subfield></datafield><datafield ind1=" " ind2="7" tag="072"><subfield code="a">al</subfield><subfield code="2">rero</subfield></datafield><datafield ind1=" " ind2="7" tag="072"><subfield code="a">ad</subfield><subfield code="2">SzZuIDS BS/BE</subfield></datafield><datafield ind1="1" ind2="4" tag="082"><subfield code="a">830</subfield><subfield code="2">15</subfield></datafield><datafield ind1="1" ind2=" " tag="100"><subfield code="a">Franz, Hertha</subfield><subfield code="d">1931-</subfield><subfield code="0">(DE-588)10736297X</subfield><subfield code="6">880-01</subfield></datafield><datafield ind1="1" ind2=" " tag="880"><subfield code="6">100-01</subfield><subfield code="a">Franz, Hertha</subfield><subfield code="0">(IDREF)137601204</subfield><subfield code="4">cre</subfield></datafield><datafield ind1="1" ind2="0" tag="245"><subfield code="a">&lt;&lt;Das&gt;&gt; Bild Griechenlands und Italiens in den mittelhochdeutschen epischen Erzählungen vor 1250</subfield><subfield code="c">von Hertha Franz</subfield></datafield><datafield ind1=" " ind2="1" tag="264"><subfield code="a">Berlin</subfield><subfield code="b">E. Schmidt</subfield><subfield code="c">[1970]</subfield></datafield><datafield ind1=" " ind2="4" tag="264"><subfield code="c">© 1970</subfield></datafield><datafield ind1=" " ind2=" " tag="300"><subfield code="a">VIII, 477 S.</subfield><subfield code="c">8'</subfield></datafield><datafield ind1=" " ind2=" " tag="336"><subfield code="b">txt</subfield><subfield code="2">rdacontent</subfield></datafield><datafield ind1=" " ind2=" " tag="337"><subfield code="b">n</subfield><subfield code="2">rdamedia</subfield></datafield><datafield ind1=" " ind2=" " tag="338"><subfield code="b">nc</subfield><subfield code="2">rdacarrier</subfield></datafield><datafield ind1="1" ind2=" " tag="490"><subfield code="a">Philologische Studien und Quellen</subfield><subfield code="v">Heft 52</subfield></datafield><datafield ind1=" " ind2=" " tag="502"><subfield code="a">Diss. Univ. des Saarlandes</subfield></datafield><datafield ind1=" " ind2="7" tag="650"><subfield code="a">11e siècle-13e siècle (milieu)</subfield><subfield code="0">(RERO)A026992310</subfield><subfield code="2">rero</subfield></datafield><datafield ind1=" " ind2="7" tag="650"><subfield code="a">Épopées allemandes</subfield><subfield code="0">(IDREF)027846318</subfield><subfield code="2">idref</subfield></datafield><datafield ind1=" " ind2="7" tag="651"><subfield code="a">Grèce</subfield><subfield code="0">(IDREF)027228428</subfield><subfield code="2">idref</subfield></datafield><datafield ind1=" " ind2="7" tag="651"><subfield code="a">Italie</subfield><subfield code="0">(IDREF)027235408</subfield><subfield code="2">idref</subfield></datafield><datafield ind1=" " ind2="7" tag="655"><subfield code="a">Hochschulschrift</subfield><subfield code="2">gnd-content</subfield></datafield><datafield ind1=" " ind2=" " tag="690"><subfield code="a">Griechenland, B: Griechenlandbild: Epen, mittelhoch-deutsche</subfield><subfield code="2">rzs-L1</subfield></datafield><datafield ind1=" " ind2=" " tag="690"><subfield code="a">Italien, B: Italienbild: Epen, mittelhoch-deutsche</subfield><subfield code="2">rzs-L1</subfield></datafield><datafield ind1=" " ind2=" " tag="690"><subfield code="a">Literatur, deutsche. Geschichte. M.A., B: Epos: Griechenland- &amp; Italienbild</subfield><subfield code="2">rzs-L1</subfield></datafield><datafield ind1="4" ind2=" " tag="856"><subfield code="3">Inhaltsverzeichnis</subfield><subfield code="u">https://www.ub.unibas.ch/tox/HBZ/HT001012581/PDF</subfield><subfield code="q">pdf</subfield></datafield><datafield ind1=" " ind2="0" tag="830"><subfield code="a">Philologische Studien und Quellen</subfield><subfield code="v">52</subfield><subfield code="w">(NEBIS)000987694EBI01</subfield></datafield><datafield ind1=" " ind2=" " tag="900"><subfield code="a">REROnoselfmerge</subfield></datafield><datafield ind1=" " ind2=" " tag="900"><subfield code="a">IDSBBnoselfmerge</subfield></datafield><datafield ind1=" " ind2=" " tag="900"><subfield code="f">IDSU2medea</subfield></datafield><datafield ind1=" " ind2=" " tag="949"><subfield code="a">https://www.ub.unibas.ch/tox/HBZ/HT001012581/PDF</subfield></datafield></record>
</metadata></record>