<record><header><identifier>oai:alma.41SLSP_UGE:991000765249705502</identifier><datestamp>2023-04-21T00:12:49Z</datestamp><setSpec>uge_bcen_RapidILL_BOOK</setSpec><setSpec>uge_aaca_RapidILL_BOOK</setSpec><setSpec>uge_abels_RapidILL_BOOK</setSpec><setSpec>uge_dbu_RapidILL_BOOK</setSpec><setSpec>uge_cmu_RapidILL_BOOK</setSpec><setSpec>uge_mail_RapidILL_BOOK</setSpec><setSpec>uge_abbat_RapidILL_BOOK</setSpec><setSpec>UNIGE_ALL</setSpec><setSpec>uge_aobs_RapidILL_BOOK</setSpec><setSpec>uge_acar_RapidILL_BOOK</setSpec></header><metadata>
<record xmlns="http://www.loc.gov/MARC21/slim" xmlns:xsi="http://www.w3.org/2001/XMLSchema-instance" xsi:schemaLocation="http://www.loc.gov/MARC21/slim http://www.loc.gov/standards/marcxml/schema/MARC21slim.xsd"><leader>01913nam a2200457 c 4500</leader><controlfield tag="001">991000765249705502</controlfield><controlfield tag="005">20230420103958.0</controlfield><controlfield tag="008">200630t20212021gw ||||| |||| 00| ||ger d</controlfield><datafield ind1=" " ind2=" " tag="020"><subfield code="a">9783525360989</subfield></datafield><datafield ind1=" " ind2=" " tag="035"><subfield code="a">(swissbib)126582092-41slsp_network</subfield></datafield><datafield ind1=" " ind2=" " tag="035"><subfield code="a">126582092</subfield><subfield code="9">ExL</subfield></datafield><datafield ind1=" " ind2=" " tag="035"><subfield code="a">(RERO)R009055816-41slsp</subfield></datafield><datafield ind1=" " ind2=" " tag="035"><subfield code="a">(EXLNZ-41SLSP_NETWORK)991019794799705501</subfield></datafield><datafield ind1=" " ind2=" " tag="040"><subfield code="a">RERO geulhg</subfield><subfield code="b">ger</subfield><subfield code="e">rda</subfield><subfield code="d">CH-ZuSLS</subfield></datafield><datafield ind1=" " ind2="7" tag="072"><subfield code="a">630</subfield><subfield code="2">IDS LU</subfield></datafield><datafield ind1="7" ind2="4" tag="082"><subfield code="a">940</subfield><subfield code="2">23sdnb</subfield></datafield><datafield ind1=" " ind2=" " tag="084"><subfield code="a">NQ 2140</subfield><subfield code="2">rvk</subfield></datafield><datafield ind1=" " ind2=" " tag="084"><subfield code="a">NQ 2260</subfield><subfield code="2">rvk</subfield></datafield><datafield ind1="1" ind2=" " tag="100"><subfield code="6">880-01/(B</subfield><subfield code="a">Postert, André</subfield><subfield code="d">1983-</subfield><subfield code="4">aut</subfield><subfield code="0">(DE-588)1052419968</subfield></datafield><datafield ind1="1" ind2=" " tag="880"><subfield code="6">100-01</subfield><subfield code="a">Postert, André</subfield><subfield code="d">1983-....</subfield><subfield code="0">(IDREF)183683595</subfield><subfield code="4">aut</subfield></datafield><datafield ind1="1" ind2="0" tag="245"><subfield code="a">&lt;&lt;Die&gt;&gt; Hitlerjugend</subfield><subfield code="b">Geschichte einer überforderten Massenorganisation</subfield><subfield code="c">André Postert</subfield></datafield><datafield ind1=" " ind2="1" tag="264"><subfield code="a">Göttingen</subfield><subfield code="b">Vandenhoeck &amp; Ruprecht</subfield><subfield code="c">[2021]</subfield></datafield><datafield ind1=" " ind2="4" tag="264"><subfield code="c">© 2021</subfield></datafield><datafield ind1=" " ind2=" " tag="300"><subfield code="a">458 Seiten</subfield><subfield code="c">25 cm</subfield></datafield><datafield ind1=" " ind2=" " tag="336"><subfield code="b">txt</subfield><subfield code="2">rdacontent</subfield></datafield><datafield ind1=" " ind2=" " tag="337"><subfield code="b">n</subfield><subfield code="2">rdamedia</subfield></datafield><datafield ind1=" " ind2=" " tag="338"><subfield code="b">nc</subfield><subfield code="2">rdacarrier</subfield></datafield><datafield ind1="1" ind2=" " tag="490"><subfield code="a">Schriften des Hannah-Arendt-Instituts für Totalitarismusforschung</subfield><subfield code="v">Band 68</subfield></datafield><datafield ind1="2" ind2="7" tag="610"><subfield code="a">Hitlerjugend</subfield><subfield code="0">(IDREF)027296687</subfield><subfield code="2">idref</subfield></datafield><datafield ind1=" " ind2="7" tag="648"><subfield code="a">Geschichte</subfield><subfield code="2">gnd</subfield></datafield><datafield ind1="2" ind2="7" tag="610"><subfield code="a">Hitler-Jugend</subfield><subfield code="2">gnd</subfield><subfield code="0">(DE-588)31334-8</subfield></datafield><datafield ind1="0" ind2="8" tag="776"><subfield code="i">Erscheint auch als</subfield><subfield code="n">Online Ausgabe</subfield><subfield code="t">Die Hitlerjugend</subfield><subfield code="z">9783666360985</subfield></datafield><datafield ind1=" " ind2="0" tag="830"><subfield code="a">Schriften des Hannah-Arendt-Instituts für Totalitarismusforschung</subfield><subfield code="v">68</subfield><subfield code="w">(RERO)R217651960-41slsp</subfield></datafield><datafield ind1=" " ind2="0" tag="830"><subfield code="a">Schriften des Hannah-Arendt-Instituts für Totalitarismusforschung</subfield><subfield code="v">68</subfield><subfield code="w">(NEBIS)001680562EBI01</subfield></datafield><datafield ind1="4" ind2="2" tag="856"><subfield code="3">Inhaltsverzeichnis</subfield><subfield code="q">PDF</subfield><subfield code="u">https://urn.ub.unibe.ch/urn:ch:slsp:9783525360989:ihv:pdf</subfield></datafield><datafield ind1=" " ind2=" " tag="900"><subfield code="a">REROnoselfmerge</subfield></datafield><datafield ind1=" " ind2=" " tag="900"><subfield code="a">Stoppsignal FRED</subfield><subfield code="x">RZS/LUUHL/202208</subfield></datafield><datafield ind1=" " ind2=" " tag="900"><subfield code="a">OK_GND</subfield><subfield code="x">RZS/LUUHL/202208/</subfield></datafield><datafield ind1=" " ind2=" " tag="900"><subfield code="a">OK_GND</subfield><subfield code="x">UZB/Z01/202304/brue</subfield></datafield><datafield ind1=" " ind2=" " tag="900"><subfield code="a">Stoppsignal FRED</subfield><subfield code="x">UZB/Z01/202304</subfield></datafield><datafield ind1=" " ind2=" " tag="903"><subfield code="a">RERO-SIGN</subfield><subfield code="5">UNIGE/20210511/yvc</subfield></datafield><datafield ind1=" " ind2=" " tag="949"><subfield code="a">https://urn.ub.unibe.ch/urn:ch:slsp:9783525360989:ihv:pdf</subfield></datafield></record>
</metadata></record>