<record><header><identifier>oai:alma.41SLSP_UGE:991000765039705502</identifier><datestamp>2023-03-01T01:09:58Z</datestamp><setSpec>uge_bcen_RapidILL_BOOK</setSpec><setSpec>uge_aaca_RapidILL_BOOK</setSpec><setSpec>uge_abels_RapidILL_BOOK</setSpec><setSpec>uge_dbu_RapidILL_BOOK</setSpec><setSpec>uge_cmu_RapidILL_BOOK</setSpec><setSpec>uge_mail_RapidILL_BOOK</setSpec><setSpec>uge_abbat_RapidILL_BOOK</setSpec><setSpec>UNIGE_ALL</setSpec><setSpec>uge_acar_RapidILL_BOOK</setSpec><setSpec>uge_aobs_RapidILL_BOOK</setSpec></header><metadata>
<record xmlns="http://www.loc.gov/MARC21/slim" xmlns:xsi="http://www.w3.org/2001/XMLSchema-instance" xsi:schemaLocation="http://www.loc.gov/MARC21/slim http://www.loc.gov/standards/marcxml/schema/MARC21slim.xsd"><leader>01386nam a22004092c 4500</leader><controlfield tag="001">991000765039705502</controlfield><controlfield tag="005">20230227205800.0</controlfield><controlfield tag="008">110323s2010    it ||||| |||| 00| ||ita d</controlfield><datafield ind1=" " ind2=" " tag="020"><subfield code="a">8872231469</subfield></datafield><datafield ind1=" " ind2=" " tag="020"><subfield code="a">9788872231463</subfield></datafield><datafield ind1=" " ind2=" " tag="035"><subfield code="a">(swissbib)113221614-41slsp_network</subfield></datafield><datafield ind1=" " ind2=" " tag="035"><subfield code="a">113221614</subfield><subfield code="9">ExL</subfield></datafield><datafield ind1=" " ind2=" " tag="035"><subfield code="a">(RERO)R005968094-41slsp</subfield></datafield><datafield ind1=" " ind2=" " tag="035"><subfield code="a">(EXLNZ-41SLSP_NETWORK)991040305219705501</subfield></datafield><datafield ind1=" " ind2=" " tag="040"><subfield code="a">C3L</subfield><subfield code="d">CH-ZuSLS</subfield></datafield><datafield ind1="0" ind2=" " tag="041"><subfield code="a">ita</subfield><subfield code="a">eng</subfield><subfield code="a">ger</subfield></datafield><datafield ind1=" " ind2="7" tag="072"><subfield code="a">me</subfield><subfield code="2">rero</subfield></datafield><datafield ind1="0" ind2="0" tag="245"><subfield code="a">Glossary of health care</subfield><subfield code="b">= Glossario socio- sanitario = Pflegeglossar</subfield><subfield code="c">[ed. da Toni Colleselli, Aldo Mazza]</subfield></datafield><datafield ind1="1" ind2=" " tag="246"><subfield code="a">Glossario socio- sanitario</subfield></datafield><datafield ind1="1" ind2=" " tag="246"><subfield code="a">Pflegeglossar</subfield></datafield><datafield ind1=" " ind2="1" tag="264"><subfield code="a">Meran</subfield><subfield code="b">Alpha beta</subfield><subfield code="c">2010</subfield></datafield><datafield ind1=" " ind2=" " tag="300"><subfield code="a">325 p.</subfield><subfield code="c">20 cm</subfield></datafield><datafield ind1=" " ind2=" " tag="336"><subfield code="b">txt</subfield><subfield code="2">rdacontent</subfield></datafield><datafield ind1=" " ind2=" " tag="337"><subfield code="b">n</subfield><subfield code="2">rdamedia</subfield></datafield><datafield ind1=" " ind2=" " tag="338"><subfield code="b">nc</subfield><subfield code="2">rdacarrier</subfield></datafield><datafield ind1="0" ind2=" " tag="490"><subfield code="a">Alphabeta lingua AID</subfield></datafield><datafield ind1=" " ind2=" " tag="500"><subfield code="a">Dictionary</subfield></datafield><datafield ind1=" " ind2=" " tag="500"><subfield code="a">Text in English, German and Italian</subfield></datafield><datafield ind1=" " ind2=" " tag="504"><subfield code="a">Includes bibliographical references.</subfield></datafield><datafield ind1=" " ind2="0" tag="650"><subfield code="a">Medical care</subfield><subfield code="v">Dictionaries</subfield></datafield><datafield ind1=" " ind2="7" tag="650"><subfield code="a">Problèmes sociaux</subfield><subfield code="0">(IDREF)050614428</subfield><subfield code="2">idref</subfield></datafield><datafield ind1=" " ind2="7" tag="650"><subfield code="a">Santé</subfield><subfield code="0">(IDREF)027411125</subfield><subfield code="2">idref</subfield></datafield><datafield ind1=" " ind2="7" tag="650"><subfield code="a">Santé publique</subfield><subfield code="0">(IDREF)027248135</subfield><subfield code="2">idref</subfield></datafield><datafield ind1=" " ind2="7" tag="655"><subfield code="a">Dictionnaires multilingues</subfield><subfield code="0">(IDREF)027784932</subfield><subfield code="2">idref</subfield></datafield><datafield ind1="1" ind2=" " tag="700"><subfield code="a">Colleselli, Toni</subfield><subfield code="0">(IDREF)176829032</subfield></datafield><datafield ind1="1" ind2=" " tag="700"><subfield code="a">Mazza, Aldo</subfield><subfield code="0">(RERO)A003577823</subfield></datafield><datafield ind1=" " ind2=" " tag="900"><subfield code="a">REROnoselfmerge</subfield></datafield><datafield ind1=" " ind2=" " tag="910"><subfield code="a">OCoLC</subfield><subfield code="b">20110323</subfield><subfield code="c">Droits réservés</subfield></datafield></record>
</metadata></record>