<record><header><identifier>oai:alma.41SLSP_UGE:991000791729705502</identifier><datestamp>2023-07-01T00:27:32Z</datestamp><setSpec>uge_cmu_RapidILL_JOURNAL</setSpec><setSpec>uge_aobs_RapidILL_JOURNAL</setSpec><setSpec>uge_aaca_RapidILL_JOURNAL</setSpec><setSpec>uge_abbat_RapidILL_JOURNAL</setSpec><setSpec>uge_bcen_RapidILL_JOURNAL</setSpec><setSpec>uge_mail_RapidILL_JOURNAL</setSpec><setSpec>uge_dbu_RapidILL_JOURNAL</setSpec><setSpec>uge_abels_RapidILL_JOURNAL</setSpec><setSpec>UNIGE_ALL</setSpec><setSpec>uge_acar_RapidILL_JOURNAL</setSpec></header><metadata>
<record xmlns="http://www.loc.gov/MARC21/slim" xmlns:xsi="http://www.w3.org/2001/XMLSchema-instance" xsi:schemaLocation="http://www.loc.gov/MARC21/slim http://www.loc.gov/standards/marcxml/schema/MARC21slim.xsd"><leader>01591nai a2200349 c 4500</leader><controlfield tag="001">991000791729705502</controlfield><controlfield tag="005">20230630222745.0</controlfield><controlfield tag="008">960525d19612005gw || l|  ||| 0    |ger d</controlfield><datafield ind1=" " ind2=" " tag="035"><subfield code="a">(swissbib)078917999-41slsp_network</subfield></datafield><datafield ind1=" " ind2=" " tag="035"><subfield code="a">078917999</subfield><subfield code="9">ExL</subfield></datafield><datafield ind1=" " ind2=" " tag="035"><subfield code="a">(RERO)0422672-41slsp</subfield></datafield><datafield ind1=" " ind2=" " tag="035"><subfield code="a">(EXLNZ-41SLSP_NETWORK)991146302409705501</subfield></datafield><datafield ind1=" " ind2=" " tag="040"><subfield code="a">RERO</subfield><subfield code="d">CH-ZuSLS</subfield></datafield><datafield ind1="0" ind2=" " tag="041"><subfield code="a">ger</subfield><subfield code="a">fre</subfield><subfield code="a">eng</subfield></datafield><datafield ind1=" " ind2="7" tag="072"><subfield code="a">dr</subfield><subfield code="2">rero</subfield></datafield><datafield ind1=" " ind2=" " tag="084"><subfield code="a">A 86.2 b</subfield><subfield code="2">cjurrom</subfield></datafield><datafield ind1="0" ind2="0" tag="245"><subfield code="a">Quellen des Urheberrechts</subfield><subfield code="b">Gesetzestexte aller Länder : mit deutschen Übersetzungen, systematischen Einführungen und tabellarischen Übersichten, Europäisches Gemeinschaftsrecht, Texte der multilateralen Abkommen</subfield><subfield code="c">begr. von Philippe Möhring, Erich Schulze ... [et al.] ; hrsg. von Reto M. Hilty ... [et al.]</subfield></datafield><datafield ind1="1" ind2=" " tag="246"><subfield code="a">UrhQuellen</subfield></datafield><datafield ind1=" " ind2="1" tag="264"><subfield code="a">Neuwied</subfield><subfield code="b">Luchterhand</subfield><subfield code="c">[1961-2005]</subfield></datafield><datafield ind1=" " ind2="4" tag="264"><subfield code="c">© 1961-2005</subfield></datafield><datafield ind1=" " ind2=" " tag="300"><subfield code="a">6 classeurs</subfield><subfield code="c">25 cm</subfield></datafield><datafield ind1=" " ind2=" " tag="336"><subfield code="b">txt</subfield><subfield code="2">rdacontent</subfield></datafield><datafield ind1=" " ind2=" " tag="337"><subfield code="b">n</subfield><subfield code="2">rdamedia</subfield></datafield><datafield ind1=" " ind2=" " tag="338"><subfield code="b">nc</subfield><subfield code="2">rdacarrier</subfield></datafield><datafield ind1=" " ind2=" " tag="500"><subfield code="a">Publication à feuillets mobiles avec mises à jour périodiques</subfield></datafield><datafield ind1=" " ind2=" " tag="500"><subfield code="a">Cité sous le titre : UrhQuellen</subfield></datafield><datafield ind1=" " ind2="7" tag="650"><subfield code="a">Urheberrecht und verwandte Schutzrechte</subfield><subfield code="9">ger</subfield><subfield code="0">(RERO)jurivoc000024021ger</subfield><subfield code="2">jurivoc</subfield></datafield><datafield ind1=" " ind2="7" tag="650"><subfield code="a">Zivilrecht</subfield><subfield code="9">ger</subfield><subfield code="0">(RERO)jurivoc000027113ger</subfield><subfield code="2">jurivoc</subfield></datafield><datafield ind1=" " ind2="7" tag="650"><subfield code="a">Immaterialgüterrecht</subfield><subfield code="9">ger</subfield><subfield code="0">(RERO)jurivoc000011537ger</subfield><subfield code="2">jurivoc</subfield></datafield><datafield ind1=" " ind2="7" tag="655"><subfield code="a">Textreproduktion</subfield><subfield code="9">ger</subfield><subfield code="2">jurivoc</subfield><subfield code="0">(RERO)jurivoc000022433ger</subfield></datafield><datafield ind1="1" ind2=" " tag="700"><subfield code="a">Möhring, Philipp</subfield><subfield code="d">1900-1975</subfield><subfield code="0">(IDREF)156909057</subfield></datafield><datafield ind1="1" ind2=" " tag="700"><subfield code="a">Schulze, Erich</subfield><subfield code="d">1913-</subfield><subfield code="0">(RERO)A003809822</subfield></datafield><datafield ind1="1" ind2=" " tag="700"><subfield code="a">Hilty, Reto M.</subfield><subfield code="d">1958-....</subfield><subfield code="0">(IDREF)034321977</subfield></datafield></record>
</metadata></record>