<record><header><identifier>oai:alma.41SLSP_UGE:991000791519705502</identifier><datestamp>2023-04-09T00:34:53Z</datestamp><setSpec>uge_bcen_RapidILL_BOOK</setSpec><setSpec>uge_aaca_RapidILL_BOOK</setSpec><setSpec>uge_abels_RapidILL_BOOK</setSpec><setSpec>uge_dbu_RapidILL_BOOK</setSpec><setSpec>uge_cmu_RapidILL_BOOK</setSpec><setSpec>uge_mail_RapidILL_BOOK</setSpec><setSpec>UNIGE_ALL</setSpec><setSpec>uge_abbat_RapidILL_BOOK</setSpec><setSpec>uge_aobs_RapidILL_BOOK</setSpec><setSpec>uge_acar_RapidILL_BOOK</setSpec></header><metadata>
<record xmlns="http://www.loc.gov/MARC21/slim" xmlns:xsi="http://www.w3.org/2001/XMLSchema-instance" xsi:schemaLocation="http://www.loc.gov/MARC21/slim http://www.loc.gov/standards/marcxml/schema/MARC21slim.xsd"><leader>01450nam a2200361 c 4500</leader><controlfield tag="001">991000791519705502</controlfield><controlfield tag="005">20230407191732.0</controlfield><controlfield tag="008">201011s1995    pe ||||| |||| 00| ||spa d</controlfield><datafield ind1=" " ind2=" " tag="020"><subfield code="a">8483870371</subfield></datafield><datafield ind1=" " ind2=" " tag="035"><subfield code="a">(swissbib)214859487-41slsp_network</subfield></datafield><datafield ind1=" " ind2=" " tag="035"><subfield code="a">214859487</subfield><subfield code="9">ExL</subfield></datafield><datafield ind1=" " ind2=" " tag="035"><subfield code="a">(RERO)R238450660-41slsp</subfield></datafield><datafield ind1=" " ind2=" " tag="035"><subfield code="a">(NEBIS)008390007EBI01</subfield></datafield><datafield ind1=" " ind2=" " tag="035"><subfield code="a">(EXLNZ-41SLSP_NETWORK)991053844569705501</subfield></datafield><datafield ind1=" " ind2=" " tag="040"><subfield code="a">RERO geules</subfield><subfield code="d">CH-ZuSLS</subfield></datafield><datafield ind1=" " ind2="7" tag="072"><subfield code="a">di</subfield><subfield code="2">rero</subfield></datafield><datafield ind1="0" ind2=" " tag="100"><subfield code="a">Domingo de Santo Tomás</subfield><subfield code="0">(RERO)A003185526</subfield><subfield code="4">cre</subfield></datafield><datafield ind1="1" ind2="0" tag="245"><subfield code="a">Grammatica o arte de la lengua general de los indios del Perú</subfield><subfield code="c">por fray Domingo de Santo Tomás ; estudio introductorio y notas por Rodolfo Cerrón-Palomino</subfield></datafield><datafield ind1=" " ind2="1" tag="264"><subfield code="a">Cuzco</subfield><subfield code="b">CBC Centro de estudios regionales andinos &quot;Bartolomé de las Casas&quot;</subfield><subfield code="c">1995 (impr. 1996)</subfield></datafield><datafield ind1=" " ind2=" " tag="300"><subfield code="a">LXVI, 179 p.</subfield><subfield code="c">24 cm</subfield></datafield><datafield ind1=" " ind2=" " tag="336"><subfield code="b">txt</subfield><subfield code="2">rdacontent</subfield></datafield><datafield ind1=" " ind2=" " tag="337"><subfield code="b">n</subfield><subfield code="2">rdamedia</subfield></datafield><datafield ind1=" " ind2=" " tag="338"><subfield code="b">nc</subfield><subfield code="2">rdacarrier</subfield></datafield><datafield ind1="1" ind2=" " tag="490"><subfield code="a">Monumenta linguistica andina</subfield><subfield code="v">5</subfield></datafield><datafield ind1=" " ind2="7" tag="648"><subfield code="a">Geschichte 1550</subfield><subfield code="2">gnd</subfield></datafield><datafield ind1=" " ind2="7" tag="650"><subfield code="a">Grammaire</subfield><subfield code="0">(IDREF)02863165X</subfield><subfield code="2">idref</subfield></datafield><datafield ind1=" " ind2="7" tag="650"><subfield code="a">Quechua (langue)</subfield><subfield code="0">(IDREF)027462145</subfield><subfield code="2">idref</subfield></datafield><datafield ind1=" " ind2="7" tag="650"><subfield code="a">Quechua-Sprache</subfield><subfield code="0">(DE-588)4133214-3</subfield><subfield code="2">gnd</subfield></datafield><datafield ind1=" " ind2="7" tag="650"><subfield code="a">Grammatik</subfield><subfield code="0">(DE-588)4021806-5</subfield><subfield code="2">gnd</subfield></datafield><datafield ind1=" " ind2="7" tag="655"><subfield code="a">Quelle</subfield><subfield code="2">gnd-content</subfield></datafield><datafield ind1="0" ind2=" " tag="700"><subfield code="a">Domingo</subfield><subfield code="c">de Santo Tomás</subfield><subfield code="d">1499-1570</subfield><subfield code="0">(DE-588)101695586</subfield></datafield><datafield ind1="1" ind2=" " tag="700"><subfield code="a">Cerrón-Palomino, Rodolfo</subfield><subfield code="0">(RERO)A003091365</subfield></datafield><datafield ind1=" " ind2=" " tag="830"><subfield code="a">Monumenta lingüística andina</subfield><subfield code="v">5</subfield><subfield code="w">(RERO)R003283763-41slsp</subfield></datafield><datafield ind1=" " ind2=" " tag="900"><subfield code="a">REROnoselfmerge</subfield></datafield><datafield ind1=" " ind2=" " tag="993"><subfield code="a">BFLA 121073</subfield><subfield code="x">ge/ules/a/97/576</subfield><subfield code="9">LOCAL</subfield></datafield></record>
</metadata></record>