<record><header><identifier>oai:alma.41SLSP_UGE:991000791839705502</identifier><datestamp>2023-03-04T01:29:48Z</datestamp><setSpec>uge_bcen_RapidILL_BOOK</setSpec><setSpec>uge_aaca_RapidILL_BOOK</setSpec><setSpec>uge_abels_RapidILL_BOOK</setSpec><setSpec>uge_dbu_RapidILL_BOOK</setSpec><setSpec>uge_cmu_RapidILL_BOOK</setSpec><setSpec>uge_mail_RapidILL_BOOK</setSpec><setSpec>uge_abbat_RapidILL_BOOK</setSpec><setSpec>UNIGE_ALL</setSpec><setSpec>uge_aobs_RapidILL_BOOK</setSpec><setSpec>uge_acar_RapidILL_BOOK</setSpec></header><metadata>
<record xmlns="http://www.loc.gov/MARC21/slim" xmlns:xsi="http://www.w3.org/2001/XMLSchema-instance" xsi:schemaLocation="http://www.loc.gov/MARC21/slim http://www.loc.gov/standards/marcxml/schema/MARC21slim.xsd"><leader>01115nam a2200301 c 4500</leader><controlfield tag="001">991000791839705502</controlfield><controlfield tag="005">20230303202226.0</controlfield><controlfield tag="007">h| ||||||||||</controlfield><controlfield tag="008">000908s1983    fr |||||b|||| 00| ||fre d</controlfield><datafield ind1=" " ind2=" " tag="035"><subfield code="a">(swissbib)088274934-41slsp_network</subfield></datafield><datafield ind1=" " ind2=" " tag="035"><subfield code="a">088274934</subfield><subfield code="9">ExL</subfield></datafield><datafield ind1=" " ind2=" " tag="035"><subfield code="a">(RERO)1785483-41slsp</subfield></datafield><datafield ind1=" " ind2=" " tag="035"><subfield code="a">(EXLNZ-41SLSP_NETWORK)991026276689705501</subfield></datafield><datafield ind1=" " ind2=" " tag="040"><subfield code="a">RERO labcud</subfield><subfield code="d">CH-ZuSLS</subfield></datafield><datafield ind1=" " ind2="7" tag="072"><subfield code="a">th</subfield><subfield code="2">rero</subfield></datafield><datafield ind1="1" ind2=" " tag="100"><subfield code="a">Marcotte, Jacques</subfield><subfield code="d">19..-2020</subfield><subfield code="0">(IDREF)240766946</subfield><subfield code="4">cre</subfield></datafield><datafield ind1="1" ind2="0" tag="245"><subfield code="a">Répertoire des traductions françaises des Pères de l'Eglise</subfield></datafield><datafield ind1=" " ind2="1" tag="264"><subfield code="a">Caudebec en Caux</subfield><subfield code="b">Fontenelle Microcopie Abbaye Saint Wandrille</subfield><subfield code="c">[1983-&gt;]</subfield></datafield><datafield ind1=" " ind2="4" tag="264"><subfield code="c">© 1983-&gt;</subfield></datafield><datafield ind1=" " ind2=" " tag="300"><subfield code="a">MICROFICHES</subfield><subfield code="b">réd. 24x négatives</subfield><subfield code="c">105 x 148 mm</subfield></datafield><datafield ind1=" " ind2=" " tag="336"><subfield code="b">txt</subfield><subfield code="2">rdacontent</subfield></datafield><datafield ind1=" " ind2=" " tag="337"><subfield code="b">h</subfield><subfield code="2">rdamedia</subfield></datafield><datafield ind1=" " ind2=" " tag="338"><subfield code="b">he</subfield><subfield code="2">rdacarrier</subfield></datafield><datafield ind1=" " ind2=" " tag="500"><subfield code="a">Répertoire constitué par le frère Jacques Marcotte</subfield></datafield><datafield ind1=" " ind2="7" tag="650"><subfield code="a">Littérature chrétienne</subfield><subfield code="0">(IDREF)027532887</subfield><subfield code="2">idref</subfield></datafield><datafield ind1=" " ind2="7" tag="650"><subfield code="a">Traduction en français</subfield><subfield code="0">(IDREF)029141990</subfield><subfield code="2">idref</subfield></datafield><datafield ind1=" " ind2="7" tag="650"><subfield code="a">époque patristique</subfield><subfield code="0">(RERO)A010172862</subfield><subfield code="2">rerovoc</subfield></datafield><datafield ind1=" " ind2="7" tag="655"><subfield code="a">Répertoires</subfield><subfield code="0">(IDREF)028662180</subfield><subfield code="2">idref</subfield></datafield><datafield ind1=" " ind2=" " tag="900"><subfield code="a">REROnoselfmerge</subfield></datafield></record>
</metadata></record>