<record><header><identifier>oai:alma.41SLSP_UGE:991000791319705502</identifier><datestamp>2023-07-03T00:41:50Z</datestamp><setSpec>uge_bcen_RapidILL_BOOK</setSpec><setSpec>uge_aaca_RapidILL_BOOK</setSpec><setSpec>uge_abels_RapidILL_BOOK</setSpec><setSpec>uge_dbu_RapidILL_BOOK</setSpec><setSpec>uge_cmu_RapidILL_BOOK</setSpec><setSpec>uge_mail_RapidILL_BOOK</setSpec><setSpec>uge_abbat_RapidILL_BOOK</setSpec><setSpec>UNIGE_ALL</setSpec><setSpec>uge_aobs_RapidILL_BOOK</setSpec><setSpec>uge_acar_RapidILL_BOOK</setSpec></header><metadata>
<record xmlns="http://www.loc.gov/MARC21/slim" xmlns:xsi="http://www.w3.org/2001/XMLSchema-instance" xsi:schemaLocation="http://www.loc.gov/MARC21/slim http://www.loc.gov/standards/marcxml/schema/MARC21slim.xsd"><leader>02371nam a2200541 c 4500</leader><controlfield tag="001">991000791319705502</controlfield><controlfield tag="005">20230702082704.0</controlfield><controlfield tag="008">201011s2020    sz            00| | ger d</controlfield><datafield ind1=" " ind2=" " tag="020"><subfield code="z">9783319956817</subfield><subfield code="q">eBook</subfield></datafield><datafield ind1=" " ind2=" " tag="020"><subfield code="z">9783319956824</subfield><subfield code="q">print and elektronic bundle</subfield></datafield><datafield ind1=" " ind2=" " tag="020"><subfield code="a">9783319956800</subfield><subfield code="q">hardcover</subfield></datafield><datafield ind1=" " ind2=" " tag="020"><subfield code="a">3319956809</subfield></datafield><datafield ind1=" " ind2=" " tag="035"><subfield code="a">(swissbib)214747751-41slsp_network</subfield></datafield><datafield ind1=" " ind2=" " tag="035"><subfield code="a">214747751</subfield><subfield code="9">ExL</subfield></datafield><datafield ind1=" " ind2=" " tag="035"><subfield code="a">(IDSSG)001064133HSB01</subfield></datafield><datafield ind1=" " ind2=" " tag="035"><subfield code="a">(RERO)R008925224-41slsp</subfield></datafield><datafield ind1=" " ind2=" " tag="035"><subfield code="a">(EXLNZ-41SLSP_NETWORK)991157260209705501</subfield></datafield><datafield ind1=" " ind2=" " tag="040"><subfield code="a">SzZuIDS HSG</subfield><subfield code="b">ger</subfield><subfield code="e">rda</subfield><subfield code="d">CH-ZuSLS</subfield></datafield><datafield ind1=" " ind2="7" tag="072"><subfield code="a">me</subfield><subfield code="2">rero</subfield></datafield><datafield ind1="0" ind2="0" tag="245"><subfield code="a">Good health and well-being</subfield><subfield code="c">Walter Leal Filho, Tony Wall, Anabela Marisa Azul, Luciana Brandli, Pinar Gökcin Özuyar, editors</subfield></datafield><datafield ind1=" " ind2="1" tag="264"><subfield code="a">Cham</subfield><subfield code="b">Springer</subfield><subfield code="c">[2020]</subfield></datafield><datafield ind1=" " ind2="4" tag="264"><subfield code="c">©2020</subfield></datafield><datafield ind1=" " ind2=" " tag="300"><subfield code="a">822 p.</subfield><subfield code="b">ill.</subfield></datafield><datafield ind1=" " ind2=" " tag="336"><subfield code="b">txt</subfield><subfield code="2">rdacontent</subfield></datafield><datafield ind1=" " ind2=" " tag="337"><subfield code="b">n</subfield><subfield code="2">rdamedia</subfield></datafield><datafield ind1=" " ind2=" " tag="338"><subfield code="b">nc</subfield><subfield code="2">rdacarrier</subfield></datafield><datafield ind1="0" ind2=" " tag="490"><subfield code="a">Encyclopedia of the UN Sustainable Development Goals</subfield></datafield><datafield ind1=" " ind2="7" tag="650"><subfield code="a">Gesundheitswesen</subfield><subfield code="0">(DE-588)4020775-4</subfield><subfield code="2">gnd</subfield></datafield><datafield ind1=" " ind2="7" tag="650"><subfield code="a">Gesundheitspolitik</subfield><subfield code="0">(DE-588)4113743-7</subfield><subfield code="2">gnd</subfield></datafield><datafield ind1=" " ind2="7" tag="650"><subfield code="a">Wohlbefinden</subfield><subfield code="0">(DE-588)4124481-3</subfield><subfield code="2">gnd</subfield></datafield><datafield ind1=" " ind2="7" tag="650"><subfield code="a">Épidémiologie</subfield><subfield code="0">(IDREF)027731456</subfield><subfield code="2">idref</subfield></datafield><datafield ind1=" " ind2="7" tag="650"><subfield code="a">Pollution</subfield><subfield code="0">(IDREF)027243206</subfield><subfield code="2">idref</subfield></datafield><datafield ind1=" " ind2="7" tag="650"><subfield code="a">Qualité de la vie</subfield><subfield code="0">(IDREF)02744662X</subfield><subfield code="2">idref</subfield></datafield><datafield ind1=" " ind2="7" tag="650"><subfield code="a">Développement durable</subfield><subfield code="0">(IDREF)031514669</subfield><subfield code="2">idref</subfield></datafield><datafield ind1=" " ind2="7" tag="650"><subfield code="a">Santé publique</subfield><subfield code="0">(IDREF)027248135</subfield><subfield code="2">idref</subfield></datafield><datafield ind1=" " ind2="4" tag="655"><subfield code="a">Wörterbuch</subfield></datafield><datafield ind1=" " ind2="7" tag="655"><subfield code="a">[Études diverses]</subfield><subfield code="0">(RERO)A022249905</subfield><subfield code="2">rero</subfield></datafield><datafield ind1=" " ind2=" " tag="690"><subfield code="a">Filho; Springer</subfield><subfield code="2">idssg-J</subfield></datafield><datafield ind1=" " ind2=" " tag="690"><subfield code="a">Luciana Brandli Pinar Gökcin; Wall Anabela Marisa Azul; Walter Leal Filho; Walter Leal Filho Tony Wall Anabela Marisa Azul Luciana Brandli Pinar Gökcin; Özuyar Editors Good Health</subfield><subfield code="2">idssg-J</subfield></datafield><datafield ind1="1" ind2=" " tag="700"><subfield code="a">Gökcin Özuyar, Pinar</subfield><subfield code="0">(IDREF)244007225</subfield><subfield code="4">edt</subfield></datafield><datafield ind1="1" ind2=" " tag="700"><subfield code="a">Brandli, Luciana</subfield><subfield code="4">edt</subfield></datafield><datafield ind1="1" ind2=" " tag="700"><subfield code="a">Brandli, Luciana Londero</subfield><subfield code="0">(DE-588)1097214745</subfield><subfield code="4">edt</subfield></datafield><datafield ind1="1" ind2=" " tag="700"><subfield code="a">Özuyar, Pinar Gökcin</subfield><subfield code="4">edt</subfield></datafield><datafield ind1="1" ind2=" " tag="700"><subfield code="a">Leal Filho, Walter</subfield><subfield code="d">1965-</subfield><subfield code="0">(DE-588)115436480</subfield><subfield code="4">edt</subfield><subfield code="6">880-04</subfield></datafield><datafield ind1="1" ind2=" " tag="880"><subfield code="6">700-04</subfield><subfield code="a">Leal Filho, Walter</subfield><subfield code="d">1965-....</subfield><subfield code="0">(IDREF)069301867</subfield><subfield code="4">edt</subfield></datafield><datafield ind1="1" ind2=" " tag="700"><subfield code="a">Wall, Tony</subfield><subfield code="d">1979-</subfield><subfield code="0">(DE-588)1044245980</subfield><subfield code="4">edt</subfield></datafield><datafield ind1="1" ind2=" " tag="700"><subfield code="a">Azul, Anabela Marisa</subfield><subfield code="0">(DE-588)1176232916</subfield><subfield code="4">edt</subfield></datafield><datafield ind1="4" ind2=" " tag="856"><subfield code="u">https://tools.unisg.ch/url/hm00675929</subfield><subfield code="z">Inhaltsverzeichnis</subfield></datafield><datafield ind1=" " ind2=" " tag="949"><subfield code="a">https://tools.unisg.ch/url/hm00675929</subfield></datafield></record>
</metadata></record>