<record><header><identifier>oai:alma.41SLSP_UGE:991000791109705502</identifier><datestamp>2023-03-01T01:09:59Z</datestamp><setSpec>uge_bcen_RapidILL_BOOK</setSpec><setSpec>uge_aaca_RapidILL_BOOK</setSpec><setSpec>uge_abels_RapidILL_BOOK</setSpec><setSpec>uge_dbu_RapidILL_BOOK</setSpec><setSpec>uge_cmu_RapidILL_BOOK</setSpec><setSpec>uge_mail_RapidILL_BOOK</setSpec><setSpec>UNIGE_ALL</setSpec><setSpec>uge_abbat_RapidILL_BOOK</setSpec><setSpec>uge_aobs_RapidILL_BOOK</setSpec><setSpec>uge_acar_RapidILL_BOOK</setSpec></header><metadata>
<record xmlns="http://www.loc.gov/MARC21/slim" xmlns:xsi="http://www.w3.org/2001/XMLSchema-instance" xsi:schemaLocation="http://www.loc.gov/MARC21/slim http://www.loc.gov/standards/marcxml/schema/MARC21slim.xsd"><leader>01238nam a2200301 c 4500</leader><controlfield tag="001">991000791109705502</controlfield><controlfield tag="005">20211031173653.0</controlfield><controlfield tag="008">040615r19621899xxu||||| |||| 00| ||lat d</controlfield><datafield ind1=" " ind2=" " tag="035"><subfield code="a">(swissbib)10069568X-41slsp_network</subfield></datafield><datafield ind1=" " ind2=" " tag="035"><subfield code="a">10069568X</subfield><subfield code="9">ExL</subfield></datafield><datafield ind1=" " ind2=" " tag="035"><subfield code="a">(RERO)R003652208-41slsp</subfield></datafield><datafield ind1=" " ind2=" " tag="035"><subfield code="a">(EXLNZ-41SLSP_NETWORK)991159593549705501</subfield></datafield><datafield ind1=" " ind2=" " tag="040"><subfield code="a">RERO frbcuc</subfield><subfield code="d">CH-ZuSLS</subfield></datafield><datafield ind1=" " ind2="7" tag="072"><subfield code="a">ph</subfield><subfield code="2">rero</subfield></datafield><datafield ind1=" " ind2="7" tag="072"><subfield code="a">th</subfield><subfield code="2">rero</subfield></datafield><datafield ind1="0" ind2=" " tag="100"><subfield code="a">Augustin</subfield><subfield code="c">saint</subfield><subfield code="d">0354-0430</subfield><subfield code="0">(IDREF)027280896</subfield><subfield code="4">cre</subfield></datafield><datafield ind1="1" ind2="0" tag="245"><subfield code="a">Sancti Aurelii Augustini opera</subfield><subfield code="n">Sect. 5, pars 1-2</subfield><subfield code="p">Sancti Aurelii Augustini episcopi De civitate dei libri XXII</subfield><subfield code="c">recensuit et commentario critico instruxit Emanuel Hoffmann</subfield></datafield><datafield ind1=" " ind2="1" tag="264"><subfield code="a">New York [etc.]</subfield><subfield code="b">Johnson Repr.</subfield><subfield code="c">1962</subfield></datafield><datafield ind1=" " ind2=" " tag="300"><subfield code="a">2 vol.</subfield><subfield code="c">21 cm</subfield></datafield><datafield ind1=" " ind2=" " tag="336"><subfield code="b">txt</subfield><subfield code="2">rdacontent</subfield></datafield><datafield ind1=" " ind2=" " tag="337"><subfield code="b">n</subfield><subfield code="2">rdamedia</subfield></datafield><datafield ind1=" " ind2=" " tag="338"><subfield code="b">nc</subfield><subfield code="2">rdacarrier</subfield></datafield><datafield ind1="1" ind2=" " tag="490"><subfield code="a">Corpus scriptorum ecclesiasticorum latinorum</subfield><subfield code="v">vol. 40</subfield></datafield><datafield ind1="0" ind2=" " tag="505"><subfield code="a">Vol. 1: Libri I-XIII. Vol. 2: Libri XIIII-XXII</subfield></datafield><datafield ind1=" " ind2=" " tag="534"><subfield code="p">Reprod. de l'éd. de:</subfield><subfield code="c">Pragae [etc.] : F. Tempsky ; Lipsiae : G. Freytag, 1899-1900</subfield></datafield><datafield ind1="1" ind2=" " tag="700"><subfield code="a">Hoffmann, Emanuel</subfield><subfield code="0">(RERO)A003377271</subfield></datafield><datafield ind1=" " ind2="0" tag="830"><subfield code="a">Corpus scriptorum ecclesiasticorum latinorum</subfield><subfield code="v">40</subfield></datafield><datafield ind1="0" ind2=" " tag="800"><subfield code="a">Augustinus</subfield><subfield code="c">saint</subfield><subfield code="d">354-430</subfield><subfield code="t">Sancti Aurelii Augustini opera</subfield><subfield code="v">5</subfield></datafield><datafield ind1=" " ind2=" " tag="900"><subfield code="a">REROnoselfmerge</subfield></datafield></record>
</metadata></record>