<record><header><identifier>oai:alma.41SLSP_UGE:991000791609705502</identifier><datestamp>2023-07-20T00:15:43Z</datestamp><setSpec>uge_bcen_RapidILL_BOOK</setSpec><setSpec>uge_aaca_RapidILL_BOOK</setSpec><setSpec>uge_abels_RapidILL_BOOK</setSpec><setSpec>uge_dbu_RapidILL_BOOK</setSpec><setSpec>uge_cmu_RapidILL_BOOK</setSpec><setSpec>uge_mail_RapidILL_BOOK</setSpec><setSpec>uge_abbat_RapidILL_BOOK</setSpec><setSpec>UNIGE_ALL</setSpec><setSpec>uge_acar_RapidILL_BOOK</setSpec><setSpec>uge_aobs_RapidILL_BOOK</setSpec></header><metadata>
<record xmlns="http://www.loc.gov/MARC21/slim" xmlns:xsi="http://www.w3.org/2001/XMLSchema-instance" xsi:schemaLocation="http://www.loc.gov/MARC21/slim http://www.loc.gov/standards/marcxml/schema/MARC21slim.xsd"><leader>02266nam a2200565 c 4500</leader><controlfield tag="001">991000791609705502</controlfield><controlfield tag="005">20230718172044.0</controlfield><controlfield tag="008">201011s1981    gw ||||| |||| 00| ||ger d</controlfield><datafield ind1=" " ind2=" " tag="020"><subfield code="a">3447021713</subfield></datafield><datafield ind1=" " ind2=" " tag="035"><subfield code="a">(swissbib)231716478-41slsp_network</subfield></datafield><datafield ind1=" " ind2=" " tag="035"><subfield code="a">231716478</subfield><subfield code="9">ExL</subfield></datafield><datafield ind1=" " ind2=" " tag="035"><subfield code="a">(RERO)2013387-41slsp</subfield></datafield><datafield ind1=" " ind2=" " tag="035"><subfield code="a">(IDSBB)000014448DSV01</subfield></datafield><datafield ind1=" " ind2=" " tag="035"><subfield code="a">(NEBIS)001391631EBI01</subfield></datafield><datafield ind1=" " ind2=" " tag="035"><subfield code="a">(EXLNZ-41SLSP_NETWORK)991002382169705501</subfield></datafield><datafield ind1=" " ind2=" " tag="040"><subfield code="a">RERO geuth-</subfield><subfield code="d">CH-ZuSLS</subfield></datafield><datafield ind1=" " ind2="7" tag="072"><subfield code="a">th</subfield><subfield code="2">rero</subfield></datafield><datafield ind1=" " ind2="7" tag="072"><subfield code="a">kh</subfield><subfield code="2">SzZuIDS BS/BE</subfield></datafield><datafield ind1=" " ind2="7" tag="072"><subfield code="a">ar</subfield><subfield code="2">SzZuIDS BS/BE</subfield></datafield><datafield ind1="0" ind2="4" tag="082"><subfield code="a">704.9486 NAU</subfield></datafield><datafield ind1="1" ind2="4" tag="082"><subfield code="a">930</subfield><subfield code="2">15</subfield></datafield><datafield ind1=" " ind2=" " tag="084"><subfield code="a">9,10</subfield><subfield code="2">ssgn</subfield></datafield><datafield ind1=" " ind2=" " tag="084"><subfield code="a">BO 9680</subfield><subfield code="2">rvk</subfield></datafield><datafield ind1=" " ind2=" " tag="084"><subfield code="a">LH 65300</subfield><subfield code="2">rvk</subfield></datafield><datafield ind1="1" ind2=" " tag="100"><subfield code="a">Nauerth, Claudia</subfield><subfield code="d">1941-</subfield><subfield code="0">(DE-588)1054441499</subfield><subfield code="6">880-01</subfield></datafield><datafield ind1="1" ind2=" " tag="880"><subfield code="6">100-01</subfield><subfield code="a">Nauerth, Claudia</subfield><subfield code="d">1941-....</subfield><subfield code="0">(IDREF)109352645</subfield><subfield code="4">cre</subfield></datafield><datafield ind1="1" ind2="0" tag="245"><subfield code="a">Thekla, ihre Bilder in der frühchristlichen Kunst</subfield><subfield code="c">Claudia Nauerth, Rüdiger Warns</subfield></datafield><datafield ind1=" " ind2="1" tag="264"><subfield code="a">Wiesbaden</subfield><subfield code="b">O. Harrassowitz</subfield><subfield code="c">1981</subfield></datafield><datafield ind1=" " ind2=" " tag="300"><subfield code="a">XIII, 106, XVI p. de planches</subfield><subfield code="b">ill.</subfield><subfield code="c">25 cm</subfield></datafield><datafield ind1=" " ind2=" " tag="336"><subfield code="b">txt</subfield><subfield code="2">rdacontent</subfield></datafield><datafield ind1=" " ind2=" " tag="337"><subfield code="b">n</subfield><subfield code="2">rdamedia</subfield></datafield><datafield ind1=" " ind2=" " tag="338"><subfield code="b">nc</subfield><subfield code="2">rdacarrier</subfield></datafield><datafield ind1="1" ind2=" " tag="490"><subfield code="a">Göttinger Orientforschungen. Reihe 2, Studien zur spätantiken und frühchristlichen Kunst</subfield><subfield code="v">Bd. 3</subfield></datafield><datafield ind1="0" ind2="7" tag="600"><subfield code="a">Thècle</subfield><subfield code="c">sainte</subfield><subfield code="d">00..-....</subfield><subfield code="0">(IDREF)027398188</subfield><subfield code="2">idref</subfield></datafield><datafield ind1="0" ind2="7" tag="600"><subfield code="a">Thekla</subfield><subfield code="c">Heilige</subfield><subfield code="2">idsbb</subfield></datafield><datafield ind1="0" ind2="7" tag="600"><subfield code="a">Thekla</subfield><subfield code="c">Märtyrerin, Heilige</subfield><subfield code="d">ca. 1. Jh.</subfield><subfield code="0">(DE-588)118621637</subfield><subfield code="2">gnd</subfield></datafield><datafield ind1="0" ind2="0" tag="600"><subfield code="a">Thecla</subfield><subfield code="c">Saint</subfield><subfield code="v">Art</subfield></datafield><datafield ind1=" " ind2="7" tag="650"><subfield code="a">Art chrétien</subfield><subfield code="0">(IDREF)027280500</subfield><subfield code="2">idref</subfield></datafield><datafield ind1=" " ind2="7" tag="650"><subfield code="a">6e siècle-10e siècle</subfield><subfield code="2">idref</subfield></datafield><datafield ind1=" " ind2="7" tag="650"><subfield code="a">Heiligenbild</subfield><subfield code="2">idsbb</subfield></datafield><datafield ind1=" " ind2="7" tag="650"><subfield code="a">Frühchristentum</subfield><subfield code="0">(DE-588)4129954-1</subfield><subfield code="2">gnd</subfield></datafield><datafield ind1=" " ind2="7" tag="650"><subfield code="a">Kunst</subfield><subfield code="0">(DE-588)4114333-4</subfield><subfield code="2">gnd</subfield></datafield><datafield ind1=" " ind2="0" tag="650"><subfield code="a">Art, Early Christian</subfield><subfield code="x">Themes, motives</subfield></datafield><datafield ind1=" " ind2="0" tag="650"><subfield code="a">Christian saints in art</subfield></datafield><datafield ind1=" " ind2=" " tag="690"><subfield code="a">Christliche Kunst / Einzelne Motive und Stoffe</subfield><subfield code="2">uzb-Z9</subfield></datafield><datafield ind1=" " ind2=" " tag="690"><subfield code="a">Thekla</subfield><subfield code="2">uzb-Z9</subfield></datafield><datafield ind1="1" ind2=" " tag="700"><subfield code="a">Warns, Rüdiger</subfield><subfield code="0">(IDREF)169370658</subfield></datafield><datafield ind1=" " ind2="0" tag="830"><subfield code="a">Göttinger Orientforschungen</subfield><subfield code="p">Reihe 2, Studien zur spätantiken und frühchristlichen Kunst</subfield><subfield code="v">3</subfield><subfield code="w">(IDSBB)000014447DSV01</subfield></datafield><datafield ind1=" " ind2="0" tag="830"><subfield code="a">Göttinger Orientforschungen</subfield><subfield code="p">Reihe 2, Studien zur spätantiken und frühchristlichen Kunst</subfield><subfield code="v">3</subfield><subfield code="w">(RERO)0386292-41slsp</subfield></datafield><datafield ind1=" " ind2=" " tag="900"><subfield code="a">REROnoselfmerge</subfield></datafield><datafield ind1=" " ind2=" " tag="900"><subfield code="a">IDSZRMedeaZBZ</subfield></datafield></record>
</metadata></record>