<record><header><identifier>oai:alma.41SLSP_UGE:991000791299705502</identifier><datestamp>2023-04-08T00:18:38Z</datestamp><setSpec>uge_bcen_RapidILL_BOOK</setSpec><setSpec>uge_aaca_RapidILL_BOOK</setSpec><setSpec>uge_abels_RapidILL_BOOK</setSpec><setSpec>uge_dbu_RapidILL_BOOK</setSpec><setSpec>uge_cmu_RapidILL_BOOK</setSpec><setSpec>uge_mail_RapidILL_BOOK</setSpec><setSpec>uge_abbat_RapidILL_BOOK</setSpec><setSpec>UNIGE_ALL</setSpec><setSpec>uge_aobs_RapidILL_BOOK</setSpec><setSpec>uge_acar_RapidILL_BOOK</setSpec></header><metadata>
<record xmlns="http://www.loc.gov/MARC21/slim" xmlns:xsi="http://www.w3.org/2001/XMLSchema-instance" xsi:schemaLocation="http://www.loc.gov/MARC21/slim http://www.loc.gov/standards/marcxml/schema/MARC21slim.xsd"><leader>01900nam a2200409 c 4500</leader><controlfield tag="001">991000791299705502</controlfield><controlfield tag="005">20230407061241.0</controlfield><controlfield tag="008">201011s2014    xxu||||| |||| 00| ||eng d</controlfield><datafield ind1=" " ind2=" " tag="020"><subfield code="a">9781489974129</subfield></datafield><datafield ind1=" " ind2=" " tag="035"><subfield code="a">(swissbib)222098317-41slsp_network</subfield></datafield><datafield ind1=" " ind2=" " tag="035"><subfield code="a">222098317</subfield><subfield code="9">ExL</subfield></datafield><datafield ind1=" " ind2=" " tag="035"><subfield code="a">(RERO)R007906181-41slsp</subfield></datafield><datafield ind1=" " ind2=" " tag="035"><subfield code="a">(NEBIS)010081481EBI01</subfield></datafield><datafield ind1=" " ind2=" " tag="035"><subfield code="a">(EXLNZ-41SLSP_NETWORK)991011778189705501</subfield></datafield><datafield ind1=" " ind2=" " tag="040"><subfield code="a">RERO geusob</subfield><subfield code="d">CH-ZuSLS</subfield></datafield><datafield ind1=" " ind2="7" tag="072"><subfield code="a">as</subfield><subfield code="2">rero</subfield></datafield><datafield ind1="0" ind2="0" tag="245"><subfield code="a">Microphysics of cosmic plasmas</subfield><subfield code="c">eds André Balogh ... [et al.]</subfield></datafield><datafield ind1=" " ind2="1" tag="264"><subfield code="a">New York</subfield><subfield code="b">Springer</subfield><subfield code="c">2014</subfield></datafield><datafield ind1=" " ind2=" " tag="300"><subfield code="a">637 p.</subfield><subfield code="b">ill.</subfield></datafield><datafield ind1=" " ind2=" " tag="336"><subfield code="b">txt</subfield><subfield code="2">rdacontent</subfield></datafield><datafield ind1=" " ind2=" " tag="337"><subfield code="b">n</subfield><subfield code="2">rdamedia</subfield></datafield><datafield ind1=" " ind2=" " tag="338"><subfield code="b">nc</subfield><subfield code="2">rdacarrier</subfield></datafield><datafield ind1="1" ind2=" " tag="490"><subfield code="a">Space science reviews</subfield><subfield code="v">vol. 178(2013), no. 2/4</subfield></datafield><datafield ind1="1" ind2=" " tag="490"><subfield code="a">Space sciences series of ISSI</subfield><subfield code="v">vol. 47</subfield></datafield><datafield ind1=" " ind2=" " tag="500"><subfield code="a">Previously publ. in Space Science Reviews vol. 178, issues 2-4, 2013</subfield></datafield><datafield ind1=" " ind2="7" tag="650"><subfield code="a">ASTROPHYSIKALISCHE PROZESSE</subfield><subfield code="9">ger</subfield><subfield code="0">(ETHUDK)000049919</subfield><subfield code="2">ethudk</subfield></datafield><datafield ind1=" " ind2="7" tag="650"><subfield code="a">KOSMISCHE STRAHLUNG (ASTRONOMIE)</subfield><subfield code="9">ger</subfield><subfield code="0">(ETHUDK)000014045</subfield><subfield code="2">ethudk</subfield></datafield><datafield ind1=" " ind2="7" tag="650"><subfield code="a">MAGNETOHYDRODYNAMIK</subfield><subfield code="9">ger</subfield><subfield code="0">(ETHUDK)000015237</subfield><subfield code="2">ethudk</subfield></datafield><datafield ind1=" " ind2="7" tag="650"><subfield code="a">PLASMAASTROPHYSIK</subfield><subfield code="9">ger</subfield><subfield code="0">(ETHUDK)000013918</subfield><subfield code="2">ethudk</subfield></datafield><datafield ind1=" " ind2="7" tag="650"><subfield code="a">SONNENWIND + INTERPLANETARES PLASMA (ASTRONOMIE)</subfield><subfield code="9">ger</subfield><subfield code="0">(ETHUDK)000014025</subfield><subfield code="2">ethudk</subfield></datafield><datafield ind1="1" ind2=" " tag="700"><subfield code="a">Balogh, André</subfield><subfield code="d">1940-....</subfield><subfield code="0">(IDREF)122033485</subfield></datafield><datafield ind1="4" ind2=" " tag="856"><subfield code="3">Titelblatt und Inhaltsverzeichnis</subfield><subfield code="u">https://toc.library.ethz.ch/objects/pdf03/e01_978-1-4899-7412-9_01.pdf</subfield><subfield code="q">pdf</subfield></datafield><datafield ind1="4" ind2=" " tag="856"><subfield code="3">Abstract / Autoreninformation</subfield><subfield code="u">https://toc.library.ethz.ch/objects/pdf03/e01_978-1-4899-7412-9_02.pdf</subfield><subfield code="q">pdf</subfield></datafield><datafield ind1=" " ind2="0" tag="830"><subfield code="a">Space science reviews</subfield><subfield code="v">178/2</subfield></datafield><datafield ind1=" " ind2="0" tag="830"><subfield code="a">Space sciences series of ISSI</subfield><subfield code="v">47</subfield><subfield code="w">(NEBIS)001716172EBI01</subfield></datafield><datafield ind1=" " ind2="0" tag="830"><subfield code="a">Space sciences series of ISSI</subfield><subfield code="v">47</subfield><subfield code="w">(RERO)R239154060-41slsp</subfield></datafield><datafield ind1=" " ind2=" " tag="949"><subfield code="a">https://toc.library.ethz.ch/objects/pdf03/e01_978-1-4899-7412-9_01.pdf</subfield></datafield><datafield ind1=" " ind2=" " tag="949"><subfield code="a">https://toc.library.ethz.ch/objects/pdf03/e01_978-1-4899-7412-9_02.pdf</subfield></datafield><datafield ind1=" " ind2=" " tag="961"><subfield code="2">ge-obs</subfield><subfield code="a">31.7</subfield><subfield code="9">LOCAL</subfield></datafield><datafield ind1=" " ind2=" " tag="961"><subfield code="2">ge-obs</subfield><subfield code="a">22.36</subfield><subfield code="9">LOCAL</subfield></datafield><datafield ind1=" " ind2=" " tag="961"><subfield code="2">ge-obs</subfield><subfield code="a">22.52</subfield><subfield code="9">LOCAL</subfield></datafield></record>
</metadata></record>