<record><header><identifier>oai:alma.41SLSP_UGE:991000791619705502</identifier><datestamp>2023-12-15T01:24:28Z</datestamp><setSpec>uge_bcen_RapidILL_BOOK</setSpec><setSpec>uge_aaca_RapidILL_BOOK</setSpec><setSpec>uge_abels_RapidILL_BOOK</setSpec><setSpec>uge_dbu_RapidILL_BOOK</setSpec><setSpec>uge_cmu_RapidILL_BOOK</setSpec><setSpec>uge_mail_RapidILL_BOOK</setSpec><setSpec>uge_abbat_RapidILL_BOOK</setSpec><setSpec>UNIGE_ALL</setSpec><setSpec>uge_acar_RapidILL_BOOK</setSpec><setSpec>uge_aobs_RapidILL_BOOK</setSpec></header><metadata>
<record xmlns="http://www.loc.gov/MARC21/slim" xmlns:xsi="http://www.w3.org/2001/XMLSchema-instance" xsi:schemaLocation="http://www.loc.gov/MARC21/slim http://www.loc.gov/standards/marcxml/schema/MARC21slim.xsd"><leader>02374nam a2200577 c 4500</leader><controlfield tag="001">991000791619705502</controlfield><controlfield tag="005">20230217214855.0</controlfield><controlfield tag="008">201011s2008    be ||||| |||| 00| ||lat d</controlfield><datafield ind1=" " ind2=" " tag="020"><subfield code="a">9782503529165</subfield></datafield><datafield ind1=" " ind2=" " tag="035"><subfield code="a">(swissbib)226933423-41slsp_network</subfield></datafield><datafield ind1=" " ind2=" " tag="035"><subfield code="a">226933423</subfield><subfield code="9">ExL</subfield></datafield><datafield ind1=" " ind2=" " tag="035"><subfield code="a">(RERO)R004861264-41slsp</subfield></datafield><datafield ind1=" " ind2=" " tag="035"><subfield code="a">(NEBIS)005719392EBI01</subfield></datafield><datafield ind1=" " ind2=" " tag="035"><subfield code="a">(EXLNZ-41SLSP_NETWORK)991007437889705501</subfield></datafield><datafield ind1=" " ind2=" " tag="040"><subfield code="a">RERO gevbge</subfield><subfield code="d">CH-ZuSLS</subfield></datafield><datafield ind1="0" ind2=" " tag="041"><subfield code="a">fre</subfield><subfield code="a">lat</subfield></datafield><datafield ind1=" " ind2="7" tag="072"><subfield code="a">ph</subfield><subfield code="2">rero</subfield></datafield><datafield ind1="1" ind2=" " tag="080"><subfield code="a">1&quot;12/13&quot;:19</subfield></datafield><datafield ind1="0" ind2="4" tag="082"><subfield code="a">100</subfield></datafield><datafield ind1="0" ind2="4" tag="082"><subfield code="a">171</subfield></datafield><datafield ind1="1" ind2=" " tag="100"><subfield code="a">Costa, Iacopo</subfield><subfield code="d">1977-....</subfield><subfield code="0">(IDREF)11721809X</subfield><subfield code="4">cre</subfield></datafield><datafield ind1="1" ind2="0" tag="245"><subfield code="a">&lt;&lt;Le&gt;&gt; questiones di Radulfo Brito sull' &quot;Etica Nicomachea&quot;</subfield><subfield code="c">Iacopo Costa</subfield></datafield><datafield ind1=" " ind2="1" tag="264"><subfield code="a">Turnhout</subfield><subfield code="b">Brepols</subfield><subfield code="c">2008</subfield></datafield><datafield ind1=" " ind2=" " tag="300"><subfield code="a">588 p.</subfield><subfield code="b">ill.</subfield></datafield><datafield ind1=" " ind2=" " tag="336"><subfield code="b">txt</subfield><subfield code="2">rdacontent</subfield></datafield><datafield ind1=" " ind2=" " tag="337"><subfield code="b">n</subfield><subfield code="2">rdamedia</subfield></datafield><datafield ind1=" " ind2=" " tag="338"><subfield code="b">nc</subfield><subfield code="2">rdacarrier</subfield></datafield><datafield ind1="1" ind2=" " tag="490"><subfield code="a">Studia artistarum</subfield><subfield code="v">17</subfield></datafield><datafield ind1=" " ind2=" " tag="500"><subfield code="a">Contient le texte de Radulfo Brito en latin</subfield></datafield><datafield ind1=" " ind2=" " tag="500"><subfield code="a">Text lat., Einf. und Kommentar ital.</subfield></datafield><datafield ind1=" " ind2=" " tag="500"><subfield code="a">Originaltitel: Questiones super Librum ethicorum Aristotelis</subfield></datafield><datafield ind1="0" ind2="7" tag="600"><subfield code="a">Aristote</subfield><subfield code="d">0384-0322 av. J.-C.</subfield><subfield code="t">Éthique à Nicomaque</subfield><subfield code="0">(IDREF)027403556</subfield><subfield code="2">idref</subfield></datafield><datafield ind1="0" ind2="7" tag="600"><subfield code="a">Aristoteles; Ethika Nikomacheia</subfield><subfield code="2">idszbz</subfield></datafield><datafield ind1="0" ind2="7" tag="600"><subfield code="a">Radulfus (Brito); Questiones super Librum ethicorum Aristotelis</subfield><subfield code="2">idszbz</subfield></datafield><datafield ind1="0" ind2="7" tag="600"><subfield code="a">Aristoteles</subfield><subfield code="d">v384-v322</subfield><subfield code="0">(DE-588)118650130</subfield><subfield code="2">gnd</subfield></datafield><datafield ind1="0" ind2="7" tag="600"><subfield code="a">Aristoteles</subfield><subfield code="d">v384-v322</subfield><subfield code="t">Ethica Nicomachea</subfield><subfield code="0">(DE-588)4135368-7</subfield><subfield code="2">gnd</subfield></datafield><datafield ind1="0" ind2="7" tag="600"><subfield code="a">Radulfus</subfield><subfield code="c">Brito</subfield><subfield code="d">1270-1320</subfield><subfield code="0">(DE-588)118597701</subfield><subfield code="2">gnd</subfield></datafield><datafield ind1="0" ind2="0" tag="600"><subfield code="a">Aristotle</subfield><subfield code="t">Nicomachean ethics</subfield></datafield><datafield ind1="0" ind2="0" tag="600"><subfield code="a">Radulphus</subfield><subfield code="c">Brito</subfield><subfield code="d">active 1295-1320</subfield></datafield><datafield ind1="0" ind2="0" tag="630"><subfield code="a">Quaestiones in Aristotelis libros Ethicorum</subfield></datafield><datafield ind1=" " ind2="7" tag="650"><subfield code="a">Rezeption</subfield><subfield code="0">(DE-588)4049716-1</subfield><subfield code="2">gnd</subfield></datafield><datafield ind1=" " ind2="7" tag="655"><subfield code="a">Commentaire de texte</subfield><subfield code="0">(IDREF)27790681</subfield><subfield code="2">idref</subfield></datafield><datafield ind1=" " ind2="7" tag="655"><subfield code="a">Kommentar</subfield><subfield code="2">idszbz</subfield></datafield><datafield ind1=" " ind2="7" tag="655"><subfield code="a">Kommentar</subfield><subfield code="2">gnd-content</subfield></datafield><datafield ind1="0" ind2=" " tag="700"><subfield code="a">Radulfus</subfield><subfield code="c">Brito</subfield><subfield code="d">1270-1320</subfield><subfield code="0">(DE-588)118597701</subfield></datafield><datafield ind1="0" ind2="2" tag="700"><subfield code="a">Radulphus</subfield><subfield code="c">Brito</subfield><subfield code="d">ca. 1260-</subfield><subfield code="t">Questiones super Librum Ethicorum Aristotelis</subfield></datafield><datafield ind1="0" ind2=" " tag="700"><subfield code="a">Radulphus</subfield><subfield code="c">Brito</subfield><subfield code="d">ca. 1260-</subfield></datafield><datafield ind1="4" ind2=" " tag="856"><subfield code="3">Titelblatt und Inhaltsverzeichnis</subfield><subfield code="u">https://toc.library.ethz.ch/objects/pdf/z01_978-2-503-52916-5_01.pdf</subfield><subfield code="q">pdf</subfield></datafield><datafield ind1=" " ind2="0" tag="830"><subfield code="a">Studia artistarum</subfield><subfield code="v">17</subfield><subfield code="w">(NEBIS)001440539EBI01</subfield></datafield><datafield ind1=" " ind2=" " tag="900"><subfield code="a">REROnoselfmerge</subfield></datafield><datafield ind1=" " ind2=" " tag="900"><subfield code="a">IDSZ2zbzmon200902e</subfield><subfield code="c">IDSZ2suse</subfield><subfield code="d">IDSZ2zbzswk200903b</subfield><subfield code="e">IDSZ2somm</subfield></datafield><datafield ind1=" " ind2=" " tag="949"><subfield code="a">https://toc.library.ethz.ch/objects/pdf/z01_978-2-503-52916-5_01.pdf</subfield></datafield></record>
</metadata></record>