<record><header><identifier>oai:alma.41SLSP_UGE:991000791409705502</identifier><datestamp>2023-03-01T01:09:59Z</datestamp><setSpec>uge_bcen_RapidILL_BOOK</setSpec><setSpec>uge_aaca_RapidILL_BOOK</setSpec><setSpec>uge_abels_RapidILL_BOOK</setSpec><setSpec>uge_dbu_RapidILL_BOOK</setSpec><setSpec>uge_cmu_RapidILL_BOOK</setSpec><setSpec>uge_mail_RapidILL_BOOK</setSpec><setSpec>UNIGE_ALL</setSpec><setSpec>uge_abbat_RapidILL_BOOK</setSpec><setSpec>uge_aobs_RapidILL_BOOK</setSpec><setSpec>uge_acar_RapidILL_BOOK</setSpec></header><metadata>
<record xmlns="http://www.loc.gov/MARC21/slim" xmlns:xsi="http://www.w3.org/2001/XMLSchema-instance" xsi:schemaLocation="http://www.loc.gov/MARC21/slim http://www.loc.gov/standards/marcxml/schema/MARC21slim.xsd"><leader>01251nam a2200289 c 4500</leader><controlfield tag="001">991000791409705502</controlfield><controlfield tag="005">20201225170000.0</controlfield><controlfield tag="008">000928s1978    be ||||| |||| 00| ||fre d</controlfield><datafield ind1=" " ind2=" " tag="020"><subfield code="a">928250249X</subfield></datafield><datafield ind1=" " ind2=" " tag="035"><subfield code="a">(swissbib)079325076-41slsp_network</subfield></datafield><datafield ind1=" " ind2=" " tag="035"><subfield code="a">079325076</subfield><subfield code="9">ExL</subfield></datafield><datafield ind1=" " ind2=" " tag="035"><subfield code="a">(RERO)0485760-41slsp</subfield></datafield><datafield ind1=" " ind2=" " tag="035"><subfield code="a">(EXLNZ-41SLSP_NETWORK)991117820079705501</subfield></datafield><datafield ind1=" " ind2=" " tag="040"><subfield code="a">RERO</subfield><subfield code="d">CH-ZuSLS</subfield></datafield><datafield ind1=" " ind2="7" tag="072"><subfield code="a">dr</subfield><subfield code="2">rero</subfield></datafield><datafield ind1=" " ind2=" " tag="084"><subfield code="a">A 86.1 h</subfield><subfield code="2">cjurrom</subfield></datafield><datafield ind1="0" ind2="0" tag="245"><subfield code="a">Vergleichende Untersuchung über das Recht der Arbeitnehmererfindung in den Mitgliedstaaten der Europäischen Gemeinschaften</subfield><subfield code="c">[erstellt von Thilo Ramm] ; Kommission der Europäischen Gemeinschaften</subfield></datafield><datafield ind1=" " ind2="1" tag="264"><subfield code="a">Brüssel</subfield><subfield code="a">Luxembourg</subfield><subfield code="b">Amt für amtliche Veröffentlichungen der Europäischen Gemeinschaften</subfield><subfield code="c">1977</subfield></datafield><datafield ind1=" " ind2="3" tag="264"><subfield code="c">© 1978</subfield></datafield><datafield ind1=" " ind2=" " tag="300"><subfield code="a">52 p.</subfield><subfield code="c">25 cm</subfield></datafield><datafield ind1=" " ind2=" " tag="336"><subfield code="b">txt</subfield><subfield code="2">rdacontent</subfield></datafield><datafield ind1=" " ind2=" " tag="337"><subfield code="b">n</subfield><subfield code="2">rdamedia</subfield></datafield><datafield ind1=" " ind2=" " tag="338"><subfield code="b">nc</subfield><subfield code="2">rdacarrier</subfield></datafield><datafield ind1="1" ind2=" " tag="490"><subfield code="a">Studien / Kommission der Europäischen Gemeinschaften. Reihe Arbeitsrecht</subfield><subfield code="v">Nr. 2</subfield></datafield><datafield ind1="1" ind2=" " tag="700"><subfield code="a">Ramm, Thilo</subfield><subfield code="d">1925-....</subfield><subfield code="0">(IDREF)032505930</subfield></datafield><datafield ind1="2" ind2=" " tag="710"><subfield code="a">Communautés européennes</subfield><subfield code="b">Commission</subfield><subfield code="g">1965-1993</subfield><subfield code="0">(IDREF)026436604</subfield></datafield><datafield ind1=" " ind2=" " tag="830"><subfield code="a">Études / Commission des Communautés Européennes</subfield><subfield code="p">Série droit du travail</subfield><subfield code="v">2</subfield><subfield code="w">(RERO)R009078126-41slsp</subfield></datafield><datafield ind1=" " ind2=" " tag="900"><subfield code="a">REROnoselfmerge</subfield></datafield></record>
</metadata></record>