<record><header><identifier>oai:alma.41SLSP_UGE:991000791929705502</identifier><datestamp>2023-03-06T01:11:05Z</datestamp><setSpec>uge_bcen_RapidILL_BOOK</setSpec><setSpec>uge_aaca_RapidILL_BOOK</setSpec><setSpec>uge_abels_RapidILL_BOOK</setSpec><setSpec>uge_dbu_RapidILL_BOOK</setSpec><setSpec>uge_cmu_RapidILL_BOOK</setSpec><setSpec>uge_mail_RapidILL_BOOK</setSpec><setSpec>uge_abbat_RapidILL_BOOK</setSpec><setSpec>UNIGE_ALL</setSpec><setSpec>uge_acar_RapidILL_BOOK</setSpec><setSpec>uge_aobs_RapidILL_BOOK</setSpec></header><metadata>
<record xmlns="http://www.loc.gov/MARC21/slim" xmlns:xsi="http://www.w3.org/2001/XMLSchema-instance" xsi:schemaLocation="http://www.loc.gov/MARC21/slim http://www.loc.gov/standards/marcxml/schema/MARC21slim.xsd"><leader>01449nam a2200397 c 4500</leader><controlfield tag="001">991000791929705502</controlfield><controlfield tag="005">20230305073826.0</controlfield><controlfield tag="008">201011s2001    xxk||||| |||| 10| ||eng d</controlfield><datafield ind1=" " ind2=" " tag="015"><subfield code="a">GBA2-76074</subfield></datafield><datafield ind1=" " ind2=" " tag="020"><subfield code="a">0743207033</subfield><subfield code="c">£7.99</subfield></datafield><datafield ind1=" " ind2=" " tag="035"><subfield code="a">(swissbib)214533921-41slsp_network</subfield></datafield><datafield ind1=" " ind2=" " tag="035"><subfield code="a">214533921</subfield><subfield code="9">ExL</subfield></datafield><datafield ind1=" " ind2=" " tag="035"><subfield code="a">(RERO)R003909395-41slsp</subfield></datafield><datafield ind1=" " ind2=" " tag="035"><subfield code="a">(NEBIS)004617691EBI01</subfield></datafield><datafield ind1=" " ind2=" " tag="035"><subfield code="a">(UkENL)E3456078</subfield></datafield><datafield ind1=" " ind2=" " tag="035"><subfield code="a">(EXLNZ-41SLSP_NETWORK)991008606829705501</subfield></datafield><datafield ind1=" " ind2=" " tag="040"><subfield code="a">RERO geulan</subfield><subfield code="d">CH-ZuSLS</subfield></datafield><datafield ind1=" " ind2="7" tag="072"><subfield code="a">an</subfield><subfield code="2">rero</subfield></datafield><datafield ind1="0" ind2="4" tag="082"><subfield code="a">959.7043083</subfield><subfield code="2">21</subfield></datafield><datafield ind1="1" ind2=" " tag="100"><subfield code="a">Chong, Denise</subfield><subfield code="0">(IDREF)06893551X</subfield><subfield code="4">cre</subfield></datafield><datafield ind1="1" ind2="0" tag="245"><subfield code="a">&lt;&lt;The&gt;&gt; girl in the picture</subfield><subfield code="b">the story of Kim Phuc, the photograph, and the Vietnam War</subfield><subfield code="c">Denise Chong</subfield></datafield><datafield ind1=" " ind2="1" tag="264"><subfield code="a">London</subfield><subfield code="b">Scribner</subfield><subfield code="c">2001</subfield></datafield><datafield ind1=" " ind2=" " tag="300"><subfield code="a">XII, 373 p.</subfield><subfield code="b">ill.</subfield><subfield code="c">20 cm</subfield></datafield><datafield ind1=" " ind2=" " tag="336"><subfield code="b">txt</subfield><subfield code="2">rdacontent</subfield></datafield><datafield ind1=" " ind2=" " tag="337"><subfield code="b">n</subfield><subfield code="2">rdamedia</subfield></datafield><datafield ind1=" " ind2=" " tag="338"><subfield code="b">nc</subfield><subfield code="2">rdacarrier</subfield></datafield><datafield ind1=" " ind2=" " tag="500"><subfield code="a">Originally published: London: Simon &amp; Schuster, 2000</subfield></datafield><datafield ind1="0" ind2="7" tag="600"><subfield code="a">Kim Phuc</subfield><subfield code="0">(RERO)A010211855</subfield><subfield code="2">rero</subfield></datafield><datafield ind1="0" ind2="0" tag="600"><subfield code="a">Kim Phúc</subfield></datafield><datafield ind1=" " ind2="7" tag="650"><subfield code="a">photographie de presse - influence exercée</subfield><subfield code="0">(RERO)A010131700</subfield><subfield code="2">rerovoc</subfield></datafield><datafield ind1=" " ind2="7" tag="650"><subfield code="a">Guerre du Vietnam (1961-1975)</subfield><subfield code="0">(IDREF)027305465</subfield><subfield code="2">idref</subfield></datafield><datafield ind1=" " ind2="0" tag="650"><subfield code="a">Vietnamese Conflict, 1961-1975</subfield><subfield code="x">Children</subfield></datafield><datafield ind1=" " ind2="0" tag="650"><subfield code="a">Vietnamese Conflict, 1961-1975</subfield><subfield code="x">Aerial operations, American</subfield></datafield><datafield ind1=" " ind2="7" tag="655"><subfield code="a">[document]</subfield><subfield code="2">rerovoc</subfield><subfield code="0">(RERO)A010182398</subfield></datafield><datafield ind1=" " ind2="7" tag="655"><subfield code="a">Biographie</subfield><subfield code="0">(IDREF)027281558</subfield><subfield code="2">idref</subfield></datafield><datafield ind1=" " ind2=" " tag="900"><subfield code="a">REROnoselfmerge</subfield></datafield><datafield ind1=" " ind2=" " tag="900"><subfield code="a">IDSZ2mugmon200311p</subfield><subfield code="c">IDSZ2morg</subfield></datafield></record>
</metadata></record>