<record><header><identifier>oai:alma.41SLSP_UGE:991000791859705502</identifier><datestamp>2023-03-01T01:09:59Z</datestamp><setSpec>uge_bcen_RapidILL_BOOK</setSpec><setSpec>uge_aaca_RapidILL_BOOK</setSpec><setSpec>uge_abels_RapidILL_BOOK</setSpec><setSpec>uge_dbu_RapidILL_BOOK</setSpec><setSpec>uge_cmu_RapidILL_BOOK</setSpec><setSpec>uge_mail_RapidILL_BOOK</setSpec><setSpec>UNIGE_ALL</setSpec><setSpec>uge_abbat_RapidILL_BOOK</setSpec><setSpec>uge_aobs_RapidILL_BOOK</setSpec><setSpec>uge_acar_RapidILL_BOOK</setSpec></header><metadata>
<record xmlns="http://www.loc.gov/MARC21/slim" xmlns:xsi="http://www.w3.org/2001/XMLSchema-instance" xsi:schemaLocation="http://www.loc.gov/MARC21/slim http://www.loc.gov/standards/marcxml/schema/MARC21slim.xsd"><leader>03613nam a2200349 c 4500</leader><controlfield tag="001">991000791859705502</controlfield><controlfield tag="005">20201227134859.0</controlfield><controlfield tag="008">000728s1985    ru ||||| |||| 00| ||rus d</controlfield><datafield ind1=" " ind2=" " tag="035"><subfield code="a">(swissbib)091212812-41slsp_network</subfield></datafield><datafield ind1=" " ind2=" " tag="035"><subfield code="a">091212812</subfield><subfield code="9">ExL</subfield></datafield><datafield ind1=" " ind2=" " tag="035"><subfield code="a">(RERO)2194599-41slsp</subfield></datafield><datafield ind1=" " ind2=" " tag="035"><subfield code="a">(EXLNZ-41SLSP_NETWORK)991066827519705501</subfield></datafield><datafield ind1=" " ind2=" " tag="040"><subfield code="a">RERO gevbaa</subfield><subfield code="d">CH-ZuSLS</subfield></datafield><datafield ind1=" " ind2="7" tag="072"><subfield code="a">hm</subfield><subfield code="2">rero</subfield></datafield><datafield ind1="0" ind2="0" tag="245"><subfield code="6">880-01</subfield><subfield code="a">Velikai︠a︡ Moravii︠a︡</subfield><subfield code="b">ee istoricheskoe i kulʹturnoe znachenie</subfield><subfield code="c">otvetstvennye red.: G.Z. Sanchuk, Ĭ. Poulik</subfield></datafield><datafield ind1="0" ind2="0" tag="880"><subfield code="6">245-01/(N</subfield><subfield code="a">Великая Моравия</subfield><subfield code="b">ее историческое и културьное значение</subfield><subfield code="c">ответственные ред.: Г.З. Санчук, Й. Поулик</subfield></datafield><datafield ind1="1" ind2=" " tag="246"><subfield code="a">Velikaja Moravija</subfield><subfield code="b">ee istoričeskoe i kulʹturnoe značenie/ otvetstvennye red.: G.Z. Sančuk, J. Poulik</subfield></datafield><datafield ind1=" " ind2="1" tag="264"><subfield code="6">880-02</subfield><subfield code="a">Moskva</subfield><subfield code="b">Nauka</subfield><subfield code="c">1985</subfield></datafield><datafield ind1=" " ind2="1" tag="880"><subfield code="6">264-02/(N</subfield><subfield code="a">Москва</subfield><subfield code="b">Наука</subfield><subfield code="c">1985</subfield></datafield><datafield ind1=" " ind2=" " tag="300"><subfield code="a">286 p.</subfield><subfield code="c">21 cm</subfield></datafield><datafield ind1=" " ind2=" " tag="336"><subfield code="b">txt</subfield><subfield code="2">rdacontent</subfield></datafield><datafield ind1=" " ind2=" " tag="337"><subfield code="b">n</subfield><subfield code="2">rdamedia</subfield></datafield><datafield ind1=" " ind2=" " tag="338"><subfield code="b">nc</subfield><subfield code="2">rdacarrier</subfield></datafield><datafield ind1=" " ind2=" " tag="500"><subfield code="a">En tête de la p. de titre: Akademija nauk SSSR, Institut slavjanovedenija i balkanistiki AN SSSR, Institut čechoslovackoj i vseobščej istorii ČSAN, Institut istoričeskich nauk slovackoj AN</subfield></datafield><datafield ind1=" " ind2=" " tag="500"><subfield code="a">En tête de la p. de titre: Академия наук СССР, Институт славяноведения и балканистики АН СССР, Институт чехословацкиой и всеобщей истории ЧСАН, Институт исторических наук словацкой АН</subfield></datafield><datafield ind1=" " ind2="7" tag="651"><subfield code="a">Moravie (République tchèque)</subfield><subfield code="y">Jusqu'à 906</subfield><subfield code="0">(IDREF)029103568</subfield><subfield code="2">idref</subfield></datafield><datafield ind1="1" ind2=" " tag="700"><subfield code="6">880-04</subfield><subfield code="a">Sanchuk, G.Z</subfield><subfield code="0">(IDREF)24409148X</subfield></datafield><datafield ind1="1" ind2=" " tag="880"><subfield code="6">700-04/(N</subfield><subfield code="a">Санчук, Г.З</subfield></datafield><datafield ind1="1" ind2=" " tag="700"><subfield code="6">880-05</subfield><subfield code="a">Poulík, Josef</subfield><subfield code="d">1910-1998</subfield><subfield code="0">(IDREF)02906516X</subfield></datafield><datafield ind1="1" ind2=" " tag="880"><subfield code="6">700-05/(N</subfield><subfield code="a">Поулик, Йосеф</subfield></datafield><datafield ind1="2" ind2=" " tag="710"><subfield code="6">880-06</subfield><subfield code="a">Akademiâ nauk SSSR</subfield><subfield code="0">(IDREF)026489740</subfield></datafield><datafield ind1="2" ind2=" " tag="880"><subfield code="6">710-06/(N</subfield><subfield code="a">Академия наук СССР</subfield></datafield><datafield ind1=" " ind2=" " tag="900"><subfield code="a">REROnoselfmerge</subfield></datafield></record>
</metadata></record>