<record><header><identifier>oai:alma.41SLSP_UGE:991000791129705502</identifier><datestamp>2023-03-01T01:09:59Z</datestamp><setSpec>uge_bcen_RapidILL_BOOK</setSpec><setSpec>uge_aaca_RapidILL_BOOK</setSpec><setSpec>uge_abels_RapidILL_BOOK</setSpec><setSpec>uge_dbu_RapidILL_BOOK</setSpec><setSpec>uge_cmu_RapidILL_BOOK</setSpec><setSpec>uge_mail_RapidILL_BOOK</setSpec><setSpec>UNIGE_ALL</setSpec><setSpec>uge_abbat_RapidILL_BOOK</setSpec><setSpec>uge_aobs_RapidILL_BOOK</setSpec><setSpec>uge_acar_RapidILL_BOOK</setSpec></header><metadata>
<record xmlns="http://www.loc.gov/MARC21/slim" xmlns:xsi="http://www.w3.org/2001/XMLSchema-instance" xsi:schemaLocation="http://www.loc.gov/MARC21/slim http://www.loc.gov/standards/marcxml/schema/MARC21slim.xsd"><leader>01097nam a2200253 c 4500</leader><controlfield tag="001">991000791129705502</controlfield><controlfield tag="005">20201225182212.0</controlfield><controlfield tag="008">920623s1930    gw ||||| |||| 00| ||ger d</controlfield><datafield ind1=" " ind2=" " tag="035"><subfield code="a">(swissbib)086653342-41slsp_network</subfield></datafield><datafield ind1=" " ind2=" " tag="035"><subfield code="a">086653342</subfield><subfield code="9">ExL</subfield></datafield><datafield ind1=" " ind2=" " tag="035"><subfield code="a">(RERO)1542945-41slsp</subfield></datafield><datafield ind1=" " ind2=" " tag="035"><subfield code="a">(EXLNZ-41SLSP_NETWORK)991058484599705501</subfield></datafield><datafield ind1=" " ind2=" " tag="040"><subfield code="a">RERO geussm</subfield><subfield code="d">CH-ZuSLS</subfield></datafield><datafield ind1=" " ind2="7" tag="072"><subfield code="a">ma</subfield><subfield code="2">rero</subfield></datafield><datafield ind1="1" ind2=" " tag="100"><subfield code="a">Hasse, Helmut</subfield><subfield code="d">1898-1979</subfield><subfield code="0">(IDREF)032279949</subfield><subfield code="4">cre</subfield></datafield><datafield ind1="1" ind2="0" tag="245"><subfield code="a">Bericht über neuere Untersuchungen und Probleme aus der Theorie der algebraischen Zahlkörper</subfield><subfield code="c">von Helmut Hasse.</subfield><subfield code="n">T. 2</subfield><subfield code="p">Reziprozitätsgesetz</subfield></datafield><datafield ind1=" " ind2="1" tag="264"><subfield code="a">Leipzig</subfield><subfield code="a">Berlin</subfield><subfield code="b">B.G. Teubner</subfield><subfield code="c">1930</subfield></datafield><datafield ind1=" " ind2=" " tag="300"><subfield code="a">204 p.</subfield><subfield code="c">24 cm</subfield></datafield><datafield ind1=" " ind2=" " tag="336"><subfield code="b">txt</subfield><subfield code="2">rdacontent</subfield></datafield><datafield ind1=" " ind2=" " tag="337"><subfield code="b">n</subfield><subfield code="2">rdamedia</subfield></datafield><datafield ind1=" " ind2=" " tag="338"><subfield code="b">nc</subfield><subfield code="2">rdacarrier</subfield></datafield><datafield ind1="1" ind2=" " tag="490"><subfield code="a">Jahresbericht der Deutschen Mathematiker-Vereinigung. Ergänzungsbände</subfield><subfield code="v">Bd. 6</subfield></datafield><datafield ind1="1" ind2=" " tag="800"><subfield code="a">Hasse, Helmut</subfield><subfield code="t">Bericht über neuere Untersuchungen und Probleme aus der Theorie der algebraischen Zahlkörper</subfield><subfield code="v">2</subfield></datafield><datafield ind1=" " ind2=" " tag="830"><subfield code="a">Jahresbericht der Deutschen Mathematiker-Vereinigung</subfield><subfield code="p">Ergänzungsbände</subfield><subfield code="v">6</subfield><subfield code="w">(RERO)1245270-41slsp</subfield></datafield><datafield ind1=" " ind2=" " tag="900"><subfield code="a">REROnoselfmerge</subfield></datafield></record>
</metadata></record>