<record><header><identifier>oai:alma.41SLSP_UGE:991000791759705502</identifier><datestamp>2023-03-06T01:08:29Z</datestamp><setSpec>uge_bcen_RapidILL_BOOK</setSpec><setSpec>uge_aaca_RapidILL_BOOK</setSpec><setSpec>uge_abels_RapidILL_BOOK</setSpec><setSpec>uge_dbu_RapidILL_BOOK</setSpec><setSpec>uge_cmu_RapidILL_BOOK</setSpec><setSpec>uge_mail_RapidILL_BOOK</setSpec><setSpec>uge_abbat_RapidILL_BOOK</setSpec><setSpec>UNIGE_ALL</setSpec><setSpec>uge_aobs_RapidILL_BOOK</setSpec><setSpec>uge_acar_RapidILL_BOOK</setSpec></header><metadata>
<record xmlns="http://www.loc.gov/MARC21/slim" xmlns:xsi="http://www.w3.org/2001/XMLSchema-instance" xsi:schemaLocation="http://www.loc.gov/MARC21/slim http://www.loc.gov/standards/marcxml/schema/MARC21slim.xsd"><leader>03990nam a2200733 c 4500</leader><controlfield tag="001">991000791759705502</controlfield><controlfield tag="005">20230305073801.0</controlfield><controlfield tag="008">201012s2015    xxu||||| |||| 00| ||eng d</controlfield><datafield ind1=" " ind2=" " tag="010"><subfield code="a">2014946473</subfield></datafield><datafield ind1=" " ind2=" " tag="015"><subfield code="a">GBB523584</subfield><subfield code="2">bnb</subfield></datafield><datafield ind1=" " ind2=" " tag="020"><subfield code="a">9781319154042</subfield><subfield code="q">hbk</subfield></datafield><datafield ind1=" " ind2=" " tag="020"><subfield code="a">1429282959</subfield><subfield code="q">hbk</subfield></datafield><datafield ind1=" " ind2=" " tag="020"><subfield code="a">9781429282956</subfield><subfield code="q">hbk.</subfield></datafield><datafield ind1="7" ind2=" " tag="024"><subfield code="a">http://catalogue.bnf.fr/ark:/12148/cb442804840</subfield><subfield code="2">uri</subfield></datafield><datafield ind1=" " ind2=" " tag="035"><subfield code="a">(swissbib)239365879-41slsp_network</subfield></datafield><datafield ind1=" " ind2=" " tag="035"><subfield code="a">239365879</subfield><subfield code="9">ExL</subfield></datafield><datafield ind1=" " ind2=" " tag="035"><subfield code="a">(RERO)R008283424-41slsp</subfield></datafield><datafield ind1=" " ind2=" " tag="035"><subfield code="a">(IDSBB)006387090DSV01</subfield></datafield><datafield ind1=" " ind2=" " tag="035"><subfield code="a">(NEBIS)010466449EBI01</subfield></datafield><datafield ind1=" " ind2=" " tag="035"><subfield code="a">(OCoLC)905956548</subfield></datafield><datafield ind1=" " ind2=" " tag="035"><subfield code="a">(EXLNZ-41SLSP_NETWORK)991018838759705501</subfield></datafield><datafield ind1=" " ind2=" " tag="040"><subfield code="a">DLC</subfield><subfield code="d">CH-ZuSLS</subfield></datafield><datafield ind1=" " ind2="0" tag="050"><subfield code="a">QP360</subfield><subfield code="b">.K64 2015</subfield></datafield><datafield ind1=" " ind2="7" tag="072"><subfield code="a">me</subfield><subfield code="2">rero</subfield></datafield><datafield ind1=" " ind2="7" tag="072"><subfield code="a">ps</subfield><subfield code="2">rero</subfield></datafield><datafield ind1=" " ind2="7" tag="072"><subfield code="a">me</subfield><subfield code="2">SzZuIDS BS/BE</subfield></datafield><datafield ind1="0" ind2="4" tag="082"><subfield code="a">612.8</subfield><subfield code="2">23</subfield></datafield><datafield ind1="1" ind2="4" tag="082"><subfield code="a">610</subfield><subfield code="2">15</subfield></datafield><datafield ind1="1" ind2=" " tag="100"><subfield code="a">Kolb, Bryan</subfield><subfield code="d">1947-</subfield><subfield code="0">(DE-588)172192943</subfield><subfield code="6">880-01</subfield></datafield><datafield ind1="1" ind2=" " tag="880"><subfield code="6">100-01</subfield><subfield code="a">Kolb, Bryan</subfield><subfield code="d">1947-....</subfield><subfield code="0">(IDREF)031611885</subfield><subfield code="4">cre</subfield></datafield><datafield ind1="1" ind2="0" tag="245"><subfield code="a">Fundamentals of human neuropsychology</subfield><subfield code="c">Bryan Kolb, Ian Q. Whishaw</subfield></datafield><datafield ind1=" " ind2=" " tag="250"><subfield code="a">7th ed.</subfield></datafield><datafield ind1=" " ind2="1" tag="264"><subfield code="a">New York</subfield><subfield code="b">Worth Publishers, a Macmillian Education Imprint</subfield><subfield code="c">[2015]</subfield></datafield><datafield ind1=" " ind2=" " tag="300"><subfield code="a">808 p.</subfield><subfield code="b">ill.</subfield></datafield><datafield ind1=" " ind2=" " tag="336"><subfield code="b">txt</subfield><subfield code="2">rdacontent</subfield></datafield><datafield ind1=" " ind2=" " tag="337"><subfield code="b">n</subfield><subfield code="2">rdamedia</subfield></datafield><datafield ind1=" " ind2=" " tag="338"><subfield code="b">nc</subfield><subfield code="2">rdacarrier</subfield></datafield><datafield ind1=" " ind2=" " tag="500"><subfield code="a">Previous ed.: 2008</subfield></datafield><datafield ind1=" " ind2=" " tag="504"><subfield code="a">Includes bibliographical references and indexes</subfield></datafield><datafield ind1="0" ind2=" " tag="505"><subfield code="a">[Contents] Part I: background . - 1. The Development of Neuropsychology. - 2. Research on the Origins of the Human Brain and Behavior. - 3. Nervous System Organization. - 4. The Structure and Electrical Activity of Neurons. - 5. Communication Between Neurons. - 6. The Influence of Drugs and Hormones on Behavior. - 7. Imaging the Brain's Activity. - Part II: cortical organization. - 8. Organization of the Sensory Systems. - 9. Organization of the Motor System. - 10. Principles of Neurocortical Function. - 11. Cerebral Asymmetry. - 12. Variations in Cerebral Asymmetry . - Part III: cortical functions. - 13. The Occipital Lobes. - 14. The Parietal Lobes. - 15. The Temporal Lobes. - 16. The Frontal Lobes. - 17. Cortical Networks and Disconnection Syndromes . - Part IV: higher functions 18. Learning and Memory. - 19. Language. - 20. Emotion and the Social Brain. - 21. Spatial Behavior. - 22. Attention and Consciousness. - Part V: plasticity and disorders. - 23. Brain Development and Plasticity. - 24. Neurodevelopmental Disorders. - 25. Plasticity, Recovery, and Rehabilitation of the Adult Brain. - 26. Neurological Disorders. - 27. Psychiatric and Related Disorders. - 28. Neuropsychological Assessment</subfield></datafield><datafield ind1=" " ind2="2" tag="650"><subfield code="a">Nervous System</subfield><subfield code="x">physiology</subfield></datafield><datafield ind1=" " ind2="2" tag="650"><subfield code="a">Psychophysiology</subfield></datafield><datafield ind1=" " ind2="2" tag="650"><subfield code="a">Nervous System Diseases</subfield></datafield><datafield ind1=" " ind2="7" tag="650"><subfield code="a">Neuropsychologie</subfield><subfield code="0">(IDREF)027241041</subfield><subfield code="2">idref</subfield></datafield><datafield ind1=" " ind2="7" tag="650"><subfield code="a">Système nerveux</subfield><subfield code="0">(IDREF)027240940</subfield><subfield code="2">idref</subfield></datafield><datafield ind1=" " ind2="7" tag="650"><subfield code="a">Physiologie</subfield><subfield code="0">(IDREF)027346862</subfield><subfield code="2">idref</subfield></datafield><datafield ind1=" " ind2="7" tag="650"><subfield code="a">Psychophysiologie</subfield><subfield code="0">(IDREF)027241696</subfield><subfield code="2">idref</subfield></datafield><datafield ind1=" " ind2="2" tag="650"><subfield code="a">Brain</subfield><subfield code="x">anatomy &amp; histology</subfield><subfield code="0">(DNLM)D001921Q000033</subfield></datafield><datafield ind1=" " ind2="2" tag="650"><subfield code="a">Mental Disorders</subfield><subfield code="x">physiopathology</subfield><subfield code="0">(DNLM)D001523Q000503</subfield></datafield><datafield ind1=" " ind2="2" tag="650"><subfield code="a">Mental Processes</subfield><subfield code="x">physiology</subfield><subfield code="0">(DNLM)D008606Q000502</subfield></datafield><datafield ind1=" " ind2="2" tag="650"><subfield code="a">Nervous System Diseases</subfield><subfield code="x">psychology</subfield><subfield code="0">(DNLM)D009422Q000523</subfield></datafield><datafield ind1=" " ind2="2" tag="650"><subfield code="a">Neuropsychology</subfield><subfield code="0">(DNLM)D009484</subfield></datafield><datafield ind1=" " ind2="0" tag="650"><subfield code="a">Neuropsychology</subfield></datafield><datafield ind1=" " ind2="7" tag="650"><subfield code="a">Neuropsychologie</subfield><subfield code="0">(DE-588)4135740-1</subfield><subfield code="2">gnd</subfield></datafield><datafield ind1=" " ind2="7" tag="655"><subfield code="a">Lehrbuch</subfield><subfield code="2">gnd-content</subfield></datafield><datafield ind1="1" ind2=" " tag="700"><subfield code="a">Whishaw, Ian Quentin</subfield></datafield><datafield ind1="1" ind2=" " tag="700"><subfield code="a">Whishaw, Ian Q.</subfield><subfield code="d">1939-</subfield><subfield code="0">(DE-588)113416253</subfield><subfield code="6">880-02</subfield></datafield><datafield ind1="1" ind2=" " tag="880"><subfield code="6">700-02</subfield><subfield code="a">Whishaw, Ian Q.</subfield><subfield code="d">1939-....</subfield><subfield code="0">(IDREF)031611907</subfield></datafield><datafield ind1="4" ind2=" " tag="856"><subfield code="3">Titelblatt und Inhaltsverzeichnis</subfield><subfield code="u">https://toc.library.ethz.ch/objects/pdf03/z01_978-1-4292-8295-6_01.pdf</subfield><subfield code="q">pdf</subfield></datafield><datafield ind1=" " ind2=" " tag="900"><subfield code="a">REROnoselfmerge</subfield></datafield><datafield ind1=" " ind2=" " tag="900"><subfield code="a">IDSZ2zbzmon201508f</subfield><subfield code="c">IDSZ2kobe</subfield><subfield code="d">IDSZ2zbzswk201509b</subfield><subfield code="e">IDSZ2baie</subfield></datafield><datafield ind1=" " ind2=" " tag="910"><subfield code="a">LOC</subfield><subfield code="b">20151021</subfield><subfield code="c">Droits réservés</subfield></datafield><datafield ind1=" " ind2=" " tag="911"><subfield code="a">100</subfield><subfield code="a">Kolb, Bryan</subfield><subfield code="d">1947-</subfield></datafield><datafield ind1=" " ind2=" " tag="911"><subfield code="a">700</subfield><subfield code="a">Whishaw, Ian Q</subfield><subfield code="d">1939-</subfield></datafield><datafield ind1=" " ind2=" " tag="949"><subfield code="a">https://toc.library.ethz.ch/objects/pdf03/z01_978-1-4292-8295-6_01.pdf</subfield></datafield></record>
</metadata></record>