<record><header><identifier>oai:alma.41SLSP_UGE:991000791969705502</identifier><datestamp>2023-03-01T01:09:59Z</datestamp><setSpec>uge_bcen_RapidILL_BOOK</setSpec><setSpec>uge_aaca_RapidILL_BOOK</setSpec><setSpec>uge_abels_RapidILL_BOOK</setSpec><setSpec>uge_dbu_RapidILL_BOOK</setSpec><setSpec>uge_cmu_RapidILL_BOOK</setSpec><setSpec>uge_mail_RapidILL_BOOK</setSpec><setSpec>UNIGE_ALL</setSpec><setSpec>uge_abbat_RapidILL_BOOK</setSpec><setSpec>uge_aobs_RapidILL_BOOK</setSpec><setSpec>uge_acar_RapidILL_BOOK</setSpec></header><metadata>
<record xmlns="http://www.loc.gov/MARC21/slim" xmlns:xsi="http://www.w3.org/2001/XMLSchema-instance" xsi:schemaLocation="http://www.loc.gov/MARC21/slim http://www.loc.gov/standards/marcxml/schema/MARC21slim.xsd"><leader>01091nam a2200277 c 4500</leader><controlfield tag="001">991000791969705502</controlfield><controlfield tag="005">20201225160523.0</controlfield><controlfield tag="008">000725r19681909xxu||||| |||| 00| ||fre d</controlfield><datafield ind1=" " ind2=" " tag="035"><subfield code="a">(swissbib)079369642-41slsp_network</subfield></datafield><datafield ind1=" " ind2=" " tag="035"><subfield code="a">079369642</subfield><subfield code="9">ExL</subfield></datafield><datafield ind1=" " ind2=" " tag="035"><subfield code="a">(RERO)0492569-41slsp</subfield></datafield><datafield ind1=" " ind2=" " tag="035"><subfield code="a">(EXLNZ-41SLSP_NETWORK)991078582589705501</subfield></datafield><datafield ind1=" " ind2=" " tag="040"><subfield code="a">RERO</subfield><subfield code="d">CH-ZuSLS</subfield></datafield><datafield ind1=" " ind2="7" tag="072"><subfield code="a">fm</subfield><subfield code="2">rero</subfield></datafield><datafield ind1="0" ind2=" " tag="100"><subfield code="a">Simund</subfield><subfield code="c">de Freine</subfield><subfield code="0">(RERO)A000150280</subfield><subfield code="4">cre</subfield></datafield><datafield ind1="1" ind2="0" tag="245"><subfield code="a">&lt;&lt;Les&gt;&gt; oeuvres de Simund de Freine</subfield><subfield code="c">publiées d'après tous les manuscrits connus par John E. Matzke</subfield></datafield><datafield ind1=" " ind2="1" tag="264"><subfield code="a">New York</subfield><subfield code="a">London</subfield><subfield code="b">Johnson reprint</subfield><subfield code="c">1968</subfield></datafield><datafield ind1=" " ind2=" " tag="300"><subfield code="a">LXXXVIII, 186 p.</subfield><subfield code="c">22 cm</subfield></datafield><datafield ind1=" " ind2=" " tag="336"><subfield code="b">txt</subfield><subfield code="2">rdacontent</subfield></datafield><datafield ind1=" " ind2=" " tag="337"><subfield code="b">n</subfield><subfield code="2">rdamedia</subfield></datafield><datafield ind1=" " ind2=" " tag="338"><subfield code="b">nc</subfield><subfield code="2">rdacarrier</subfield></datafield><datafield ind1="1" ind2=" " tag="490"><subfield code="a">Société des anciens textes français</subfield><subfield code="v">no 58</subfield></datafield><datafield ind1=" " ind2=" " tag="500"><subfield code="a">Publié initialement dans la collection : Société des anciens textes français</subfield></datafield><datafield ind1=" " ind2=" " tag="534"><subfield code="p">Reprod. de l'éd. de:</subfield><subfield code="c">Paris : F. Didot, 1909</subfield></datafield><datafield ind1="1" ind2=" " tag="700"><subfield code="a">Matzke, John Ernst</subfield><subfield code="d">1862-1910</subfield><subfield code="0">(IDREF)034714618</subfield></datafield><datafield ind1=" " ind2=" " tag="830"><subfield code="a">Société des anciens textes français</subfield><subfield code="p">Johnson reprint</subfield><subfield code="v">58</subfield><subfield code="w">(RERO)0421589-41slsp</subfield></datafield><datafield ind1=" " ind2=" " tag="900"><subfield code="a">REROnoselfmerge</subfield></datafield></record>
</metadata></record><record><header><identifier>oai:alma.41SLSP_UGE:991000791449705502</identifier><datestamp>2024-03-15T01:28:36Z</datestamp><setSpec>uge_bcen_RapidILL_BOOK</setSpec><setSpec>uge_aaca_RapidILL_BOOK</setSpec><setSpec>uge_abels_RapidILL_BOOK</setSpec><setSpec>uge_dbu_RapidILL_BOOK</setSpec><setSpec>uge_cmu_RapidILL_BOOK</setSpec><setSpec>uge_mail_RapidILL_BOOK</setSpec><setSpec>uge_abbat_RapidILL_BOOK</setSpec><setSpec>UNIGE_ALL</setSpec><setSpec>uge_acar_RapidILL_BOOK</setSpec><setSpec>uge_aobs_RapidILL_BOOK</setSpec></header><metadata>
<record xmlns="http://www.loc.gov/MARC21/slim" xmlns:xsi="http://www.w3.org/2001/XMLSchema-instance" xsi:schemaLocation="http://www.loc.gov/MARC21/slim http://www.loc.gov/standards/marcxml/schema/MARC21slim.xsd"><leader>02028nam a2200325 c 4500</leader><controlfield tag="001">991000791449705502</controlfield><controlfield tag="005">20240314212232.0</controlfield><controlfield tag="008">000922s1610    gw ||||| |||| 00| ||ger d</controlfield><datafield ind1=" " ind2=" " tag="035"><subfield code="a">(swissbib)091265312-41slsp_network</subfield></datafield><datafield ind1=" " ind2=" " tag="035"><subfield code="a">091265312</subfield><subfield code="9">ExL</subfield></datafield><datafield ind1=" " ind2=" " tag="035"><subfield code="a">(RERO)2204298-41slsp</subfield></datafield><datafield ind1=" " ind2=" " tag="035"><subfield code="a">(EXLNZ-41SLSP_NETWORK)991097023059705501</subfield></datafield><datafield ind1=" " ind2=" " tag="040"><subfield code="a">RERO gevbpu</subfield><subfield code="d">CH-ZuSLS</subfield></datafield><datafield ind1="1" ind2=" " tag="041"><subfield code="a">ger</subfield><subfield code="h">heb</subfield></datafield><datafield ind1=" " ind2="7" tag="072"><subfield code="a">th</subfield><subfield code="2">rero</subfield></datafield><datafield ind1=" " ind2=" " tag="084"><subfield code="a">1114</subfield><subfield code="2">brp</subfield></datafield><datafield ind1="0" ind2="0" tag="245"><subfield code="a">Concordantiae Bibliorum, das ist biblische Concordansz und Verzeichnusz, der fürnembsten Wörter, auch aller Namen, Sprüch, unnd Geschicht, so offt derselben in gantzer heiliger göttlicher Schrifft, desz Alten und Newen Testaments gedacht wirdt, mit sonderm Fleisz, dem Alphabeth nach, ordentlich zusammen getragen, und auff D. Martin Luthers, anno 1545 am letzten revidirte Bibel gerichtet</subfield><subfield code="b">in welcher ein jeder Christ, in der eyl, alle Sprüchlein, oder was ihm sonst ausz der Gedächtnusz entfallen, nach wunsch, und begern, in welchem Capitel und Versz, ein jedes begriffen, richtig finden kan</subfield><subfield code="c">gestellt und zusammen getragen durch Conradum Agricolam, typographum zu Nürnberg, mit Hülff und Beystand fürnemer Gelehrter, und in heiliger Schrifft erfahrner Männer, sampt beygedruckten etlicher fürnemen Universiteten und Theologen Censuren und Bedencken uber disz Werck</subfield></datafield><datafield ind1=" " ind2="1" tag="264"><subfield code="a">Gedruckt zu Franckfurt am Mayn</subfield><subfield code="b">bey Wolffgang Richtern</subfield><subfield code="c">1610</subfield></datafield><datafield ind1=" " ind2=" " tag="300"><subfield code="a">[12], 480, [534] p.</subfield><subfield code="c">fol. (39 cm)</subfield></datafield><datafield ind1=" " ind2=" " tag="336"><subfield code="b">txt</subfield><subfield code="2">rdacontent</subfield></datafield><datafield ind1=" " ind2=" " tag="337"><subfield code="b">n</subfield><subfield code="2">rdamedia</subfield></datafield><datafield ind1=" " ind2=" " tag="338"><subfield code="b">nc</subfield><subfield code="2">rdacarrier</subfield></datafield><datafield ind1=" " ind2=" " tag="500"><subfield code="a">Imprimé sur 3 col</subfield></datafield><datafield ind1=" " ind2=" " tag="500"><subfield code="a">Empreinte: chr- n.t. 21n/ 5041 (3) Im Jahr M.DC.X.</subfield></datafield><datafield ind1="0" ind2="7" tag="630"><subfield code="a">Bible</subfield><subfield code="0">(IDREF)028198654</subfield><subfield code="2">idref</subfield></datafield><datafield ind1=" " ind2="7" tag="655"><subfield code="a">Concordances</subfield><subfield code="0">(IDREF)027230686</subfield><subfield code="2">idref</subfield></datafield><datafield ind1="1" ind2=" " tag="700"><subfield code="a">Richter, Wolfgang</subfield><subfield code="d">?-1626</subfield><subfield code="0">(RERO)A019092428</subfield><subfield code="4">prt</subfield></datafield><datafield ind1="1" ind2=" " tag="700"><subfield code="a">Bauer, Konrad</subfield><subfield code="d">15..-1619?</subfield><subfield code="0">(IDREF)090496299</subfield></datafield><datafield ind1="0" ind2=" " tag="730"><subfield code="a">Bible</subfield><subfield code="n">000</subfield><subfield code="p">A.T. et N.T</subfield><subfield code="k">Concordance</subfield><subfield code="l">Allemand</subfield></datafield><datafield ind1=" " ind2=" " tag="751"><subfield code="a">Francfort-sur-le-Main (Allemagne)</subfield><subfield code="4">pup</subfield><subfield code="0">(IDREF)027226867</subfield></datafield><datafield ind1=" " ind2=" " tag="900"><subfield code="a">REROswissbibnomerge</subfield></datafield><datafield ind1=" " ind2=" " tag="993"><subfield code="a">-</subfield><subfield code="x">ge/mhr-/a/8281</subfield><subfield code="9">LOCAL</subfield></datafield></record>
</metadata></record>