<record><header><identifier>oai:alma.41SLSP_UGE:991000791529705502</identifier><datestamp>2023-06-26T00:14:20Z</datestamp><setSpec>UNIGE_ALL</setSpec></header><metadata>
<record xmlns="http://www.loc.gov/MARC21/slim" xmlns:xsi="http://www.w3.org/2001/XMLSchema-instance" xsi:schemaLocation="http://www.loc.gov/MARC21/slim http://www.loc.gov/standards/marcxml/schema/MARC21slim.xsd"><leader>01875ngm a2200385 c 4500</leader><controlfield tag="001">991000791529705502</controlfield><controlfield tag="005">20230625172929.0</controlfield><controlfield tag="007">vd |v||||</controlfield><controlfield tag="008">120702s2008    fr ||| |          v|eng d</controlfield><datafield ind1="4" ind2="2" tag="028"><subfield code="a">DFRS 1972265</subfield></datafield><datafield ind1=" " ind2=" " tag="035"><subfield code="a">(swissbib)116133384-41slsp_network</subfield></datafield><datafield ind1=" " ind2=" " tag="035"><subfield code="a">116133384</subfield><subfield code="9">ExL</subfield></datafield><datafield ind1=" " ind2=" " tag="035"><subfield code="a">(RERO)R007096968-41slsp</subfield></datafield><datafield ind1=" " ind2=" " tag="035"><subfield code="a">(EXLNZ-41SLSP_NETWORK)991093319829705501</subfield></datafield><datafield ind1=" " ind2=" " tag="040"><subfield code="a">RERO geumem</subfield><subfield code="d">CH-ZuSLS</subfield></datafield><datafield ind1="1" ind2=" " tag="041"><subfield code="a">eng</subfield><subfield code="a">fre</subfield><subfield code="h">eng</subfield></datafield><datafield ind1=" " ind2="7" tag="072"><subfield code="a">ba</subfield><subfield code="2">rero</subfield></datafield><datafield ind1="0" ind2="0" tag="245"><subfield code="a">Tess</subfield><subfield code="c">un film de Roman Polanski ; scénario Gérard Brach, Roman Polanski, John Brownjohn ; d'après le roman de Thomas Hardy &quot;Tess d'Urbervilles&quot; ; musique Philippe Sarde ; prod. par Claude Berri</subfield></datafield><datafield ind1=" " ind2="1" tag="264"><subfield code="a">[Paris]</subfield><subfield code="b">Fnac</subfield><subfield code="b">Pathé Distribution</subfield><subfield code="c">2008</subfield></datafield><datafield ind1=" " ind2=" " tag="300"><subfield code="a">1 DVD vidéo</subfield></datafield><datafield ind1=" " ind2=" " tag="336"><subfield code="b">tdi</subfield><subfield code="2">rdacontent</subfield></datafield><datafield ind1=" " ind2=" " tag="337"><subfield code="b">v</subfield><subfield code="2">rdamedia</subfield></datafield><datafield ind1=" " ind2=" " tag="338"><subfield code="b">vd</subfield><subfield code="2">rdacarrier</subfield></datafield><datafield ind1="0" ind2=" " tag="490"><subfield code="a">Collection Fnac-cinéma</subfield></datafield><datafield ind1=" " ind2=" " tag="500"><subfield code="a">Une prod.: Pathé Renn Prod. - Timothy Burill Prod., cop. 1979</subfield></datafield><datafield ind1=" " ind2=" " tag="500"><subfield code="a">Choix de langues: Anglais, français. Sous-titres: Français</subfield></datafield><datafield ind1=" " ind2=" " tag="500"><subfield code="a">Durée du film : 2h40 min.</subfield></datafield><datafield ind1="0" ind2=" " tag="511"><subfield code="a">Nastassia Kinski ; Peter Firth ... et al.</subfield></datafield><datafield ind1="8" ind2=" " tag="520"><subfield code="a">&quot;Magnifique film dans l'Angleterre de la fin du XIXe siècle d'après le roman de Thomas Hardy. La lumineuse Nastassja Kinski incarne le rôle d'une paysanne qui a un enfant illégitime avec un noble et se fait rejeter injustement par son mari. Le poids des conventions de cette période victorienne pèse lourdement sur son destin tragique.&quot;</subfield><subfield code="5">RERO/geumem/07.2012</subfield></datafield><datafield ind1=" " ind2="7" tag="655"><subfield code="a">DVD</subfield><subfield code="0">(IDREF)035108444</subfield><subfield code="2">idref</subfield></datafield><datafield ind1=" " ind2="7" tag="655"><subfield code="a">Films de fiction</subfield><subfield code="0">(IDREF)14779644X</subfield><subfield code="2">idref</subfield></datafield><datafield ind1="1" ind2=" " tag="700"><subfield code="a">Polanski, Roman</subfield><subfield code="d">1933-....</subfield><subfield code="0">(IDREF)027915654</subfield></datafield><datafield ind1="1" ind2=" " tag="700"><subfield code="a">Brach, Gérard</subfield><subfield code="d">1927-2006</subfield><subfield code="0">(IDREF)028735110</subfield></datafield><datafield ind1="1" ind2=" " tag="700"><subfield code="a">Sarde, Philippe</subfield><subfield code="d">1948-....</subfield><subfield code="0">(IDREF)058576967</subfield></datafield><datafield ind1="1" ind2=" " tag="700"><subfield code="a">Berri, Claude</subfield><subfield code="d">1934-2009</subfield><subfield code="0">(IDREF)030315220</subfield></datafield><datafield ind1="1" ind2=" " tag="700"><subfield code="a">Hardy, Thomas</subfield><subfield code="d">1840-1928</subfield><subfield code="0">(IDREF)026914735</subfield></datafield></record>
</metadata></record>