<record><header><identifier>oai:alma.41SLSP_UGE:991000791329705502</identifier><datestamp>2023-07-30T00:18:48Z</datestamp><setSpec>uge_bcen_RapidILL_BOOK</setSpec><setSpec>uge_aaca_RapidILL_BOOK</setSpec><setSpec>uge_abels_RapidILL_BOOK</setSpec><setSpec>uge_dbu_RapidILL_BOOK</setSpec><setSpec>uge_cmu_RapidILL_BOOK</setSpec><setSpec>uge_mail_RapidILL_BOOK</setSpec><setSpec>UNIGE_ALL</setSpec><setSpec>uge_abbat_RapidILL_BOOK</setSpec><setSpec>uge_aobs_RapidILL_BOOK</setSpec><setSpec>uge_acar_RapidILL_BOOK</setSpec></header><metadata>
<record xmlns="http://www.loc.gov/MARC21/slim" xmlns:xsi="http://www.w3.org/2001/XMLSchema-instance" xsi:schemaLocation="http://www.loc.gov/MARC21/slim http://www.loc.gov/standards/marcxml/schema/MARC21slim.xsd"><leader>01622nam a2200445 c 4500</leader><controlfield tag="001">991000791329705502</controlfield><controlfield tag="005">20230410185445.0</controlfield><controlfield tag="008">201011s2017    it       b||| 000 0 ita|d</controlfield><datafield ind1=" " ind2=" " tag="020"><subfield code="a">8843089463</subfield></datafield><datafield ind1=" " ind2=" " tag="020"><subfield code="a">9788843089468</subfield></datafield><datafield ind1=" " ind2=" " tag="035"><subfield code="a">(swissbib)217980856-41slsp_network</subfield></datafield><datafield ind1=" " ind2=" " tag="035"><subfield code="a">217980856</subfield><subfield code="9">ExL</subfield></datafield><datafield ind1=" " ind2=" " tag="035"><subfield code="a">(NEBIS)011279155EBI01</subfield></datafield><datafield ind1=" " ind2=" " tag="035"><subfield code="a">(RERO)R008721621-41slsp</subfield></datafield><datafield ind1=" " ind2=" " tag="035"><subfield code="a">(OCoLC)1013476347</subfield></datafield><datafield ind1=" " ind2=" " tag="035"><subfield code="a">(EXLNZ-41SLSP_NETWORK)991053966289705501</subfield></datafield><datafield ind1=" " ind2=" " tag="040"><subfield code="a">CHVBK</subfield><subfield code="b">ger</subfield><subfield code="e">rda</subfield><subfield code="d">CH-ZuSLS</subfield></datafield><datafield ind1=" " ind2="7" tag="072"><subfield code="a">it</subfield><subfield code="2">rero</subfield></datafield><datafield ind1="1" ind2="4" tag="082"><subfield code="a">450</subfield><subfield code="2">14</subfield></datafield><datafield ind1="1" ind2=" " tag="100"><subfield code="a">Librandi, Rita</subfield><subfield code="d">1952-</subfield><subfield code="0">(DE-588)1154405311</subfield><subfield code="e">Verfasser</subfield><subfield code="4">aut</subfield><subfield code="6">880-01</subfield></datafield><datafield ind1="1" ind2=" " tag="880"><subfield code="6">100-01</subfield><subfield code="a">Librandi, Rita</subfield><subfield code="d">1952-....</subfield><subfield code="0">(IDREF)029326710</subfield><subfield code="4">cre</subfield></datafield><datafield ind1="1" ind2="0" tag="245"><subfield code="a">L'italiano della Chiesa</subfield><subfield code="c">Rita Librandi</subfield></datafield><datafield ind1=" " ind2="1" tag="264"><subfield code="a">Roma</subfield><subfield code="b">Carocci</subfield><subfield code="c">2017</subfield></datafield><datafield ind1=" " ind2=" " tag="300"><subfield code="a">126 Seiten</subfield><subfield code="c">20 cm</subfield></datafield><datafield ind1=" " ind2=" " tag="336"><subfield code="b">txt</subfield><subfield code="2">rdacontent</subfield></datafield><datafield ind1=" " ind2=" " tag="337"><subfield code="b">n</subfield><subfield code="2">rdamedia</subfield></datafield><datafield ind1=" " ind2=" " tag="338"><subfield code="b">nc</subfield><subfield code="2">rdacarrier</subfield></datafield><datafield ind1="1" ind2=" " tag="490"><subfield code="a">Le bussole</subfield><subfield code="v">554</subfield></datafield><datafield ind1=" " ind2=" " tag="500"><subfield code="a">R. Librandi teaches at the University of Naples L'Orientale.</subfield></datafield><datafield ind1=" " ind2=" " tag="504"><subfield code="a">Bibliografia: p. 117-126</subfield></datafield><datafield ind1="2" ind2="7" tag="610"><subfield code="a">Katholische Kirche</subfield><subfield code="0">(DE-588)2009545-4</subfield><subfield code="2">gnd</subfield></datafield><datafield ind1=" " ind2="7" tag="650"><subfield code="a">Italienisch</subfield><subfield code="0">(DE-588)4114056-4</subfield><subfield code="2">gnd</subfield></datafield><datafield ind1=" " ind2="7" tag="650"><subfield code="a">Religiöse Sprache</subfield><subfield code="0">(DE-588)4049386-6</subfield><subfield code="2">gnd</subfield></datafield><datafield ind1=" " ind2="7" tag="650"><subfield code="a">Italien (langue)</subfield><subfield code="0">(IDREF)027278239</subfield><subfield code="2">idref</subfield></datafield><datafield ind1=" " ind2="7" tag="650"><subfield code="a">Église</subfield><subfield code="0">(IDREF)027790258</subfield><subfield code="2">idref</subfield></datafield><datafield ind1=" " ind2="7" tag="650"><subfield code="a">Écoles</subfield><subfield code="0">(IDREF)02743902X</subfield><subfield code="2">idref</subfield></datafield><datafield ind1=" " ind2="7" tag="650"><subfield code="a">Littérature de dévotion</subfield><subfield code="0">(IDREF)027509303</subfield><subfield code="2">idref</subfield></datafield><datafield ind1=" " ind2="7" tag="650"><subfield code="a">Pratique religieuse</subfield><subfield code="0">(IDREF)027431355</subfield><subfield code="2">idref</subfield></datafield><datafield ind1=" " ind2=" " tag="830"><subfield code="a">&lt;&lt;Le&gt;&gt; bussole</subfield><subfield code="v">554</subfield><subfield code="w">(NEBIS)004512244EBI01</subfield></datafield><datafield ind1=" " ind2=" " tag="830"><subfield code="a">&lt;&lt;Le&gt;&gt; bussole</subfield><subfield code="p">Carocci</subfield><subfield code="v">554</subfield><subfield code="w">(RERO)R003075342-41slsp</subfield></datafield><datafield ind1=" " ind2=" " tag="900"><subfield code="a">REROnoselfmerge</subfield></datafield></record>
</metadata></record>