<record><header><identifier>oai:alma.41SLSP_UGE:991000791119705502</identifier><datestamp>2023-07-31T00:18:56Z</datestamp><setSpec>uge_bcen_RapidILL_BOOK</setSpec><setSpec>uge_aaca_RapidILL_BOOK</setSpec><setSpec>uge_abels_RapidILL_BOOK</setSpec><setSpec>uge_dbu_RapidILL_BOOK</setSpec><setSpec>uge_cmu_RapidILL_BOOK</setSpec><setSpec>uge_mail_RapidILL_BOOK</setSpec><setSpec>uge_abbat_RapidILL_BOOK</setSpec><setSpec>UNIGE_ALL</setSpec><setSpec>uge_aobs_RapidILL_BOOK</setSpec><setSpec>uge_acar_RapidILL_BOOK</setSpec></header><metadata>
<record xmlns="http://www.loc.gov/MARC21/slim" xmlns:xsi="http://www.w3.org/2001/XMLSchema-instance" xsi:schemaLocation="http://www.loc.gov/MARC21/slim http://www.loc.gov/standards/marcxml/schema/MARC21slim.xsd"><leader>02618nam a22003252c 4500</leader><controlfield tag="001">991000791119705502</controlfield><controlfield tag="005">20210206203135.0</controlfield><controlfield tag="008">130410s1973    ir ||||| |||| 00| ||per d</controlfield><datafield ind1=" " ind2=" " tag="035"><subfield code="a">(swissbib)117212903-41slsp_network</subfield></datafield><datafield ind1=" " ind2=" " tag="035"><subfield code="a">117212903</subfield><subfield code="9">ExL</subfield></datafield><datafield ind1=" " ind2=" " tag="035"><subfield code="a">(RERO)R007274441-41slsp</subfield></datafield><datafield ind1=" " ind2=" " tag="035"><subfield code="a">(EXLNZ-41SLSP_NETWORK)991132662749705501</subfield></datafield><datafield ind1=" " ind2=" " tag="040"><subfield code="a">PUL</subfield><subfield code="d">CH-ZuSLS</subfield></datafield><datafield ind1=" " ind2="7" tag="072"><subfield code="a">th</subfield><subfield code="2">rero</subfield></datafield><datafield ind1="1" ind2=" " tag="100"><subfield code="6">880-01</subfield><subfield code="a">Daylamī, Muḥammad ibn ʿAlī Quṭb al-Dīn al-</subfield><subfield code="d">16..?-16..</subfield><subfield code="0">(IDREF)191802611</subfield><subfield code="4">cre</subfield></datafield><datafield ind1="1" ind2=" " tag="880"><subfield code="6">100-01/(3/r</subfield><subfield code="a">شريف لاهيجى، محمد بن على</subfield><subfield code="d">fl. 17ème siècle</subfield></datafield><datafield ind1="1" ind2="0" tag="245"><subfield code="6">880-02</subfield><subfield code="a">Risālah-i Nūrīyah dar ʿālam-i mis̲āl</subfield><subfield code="c">taʾlīf-i Bahāyī Lāhījānī ; bā muqaddamah va taʿlīqāt va taṣḥīḥ-i Jalāl al-Dīn Āshtiyānī</subfield></datafield><datafield ind1="1" ind2="0" tag="880"><subfield code="6">245-02/(3/r</subfield><subfield code="a">رساله نوریه در عالم مثال</subfield><subfield code="c">بهائی لاهیجی ؛ با مقدمه و تعلیقات و تصحیح جلالالدین آشتیانی</subfield></datafield><datafield ind1=" " ind2="1" tag="264"><subfield code="6">880-03</subfield><subfield code="a">Mashhad</subfield><subfield code="b">Dānishkadah-ʾi Ilāhīyāt va Maʿārif-i Islāmī</subfield><subfield code="c">1351 [1973]</subfield></datafield><datafield ind1=" " ind2="1" tag="880"><subfield code="6">264-03/(3/r</subfield><subfield code="a">مشهد</subfield><subfield code="b">دانشكده الهيات و معارف اسلامي</subfield><subfield code="c">۱۳۵۱</subfield></datafield><datafield ind1=" " ind2=" " tag="300"><subfield code="a">180 p.</subfield></datafield><datafield ind1=" " ind2=" " tag="336"><subfield code="b">txt</subfield><subfield code="2">rdacontent</subfield></datafield><datafield ind1=" " ind2=" " tag="337"><subfield code="b">n</subfield><subfield code="2">rdamedia</subfield></datafield><datafield ind1=" " ind2=" " tag="338"><subfield code="b">nc</subfield><subfield code="2">rdacarrier</subfield></datafield><datafield ind1=" " ind2="0" tag="650"><subfield code="a">Death</subfield><subfield code="x">Religious aspects</subfield><subfield code="x">Islam</subfield><subfield code="v">Early works to 1800</subfield></datafield><datafield ind1=" " ind2="0" tag="650"><subfield code="a">Future life</subfield><subfield code="x">Islam</subfield><subfield code="v">Early works to 1800</subfield></datafield><datafield ind1=" " ind2="0" tag="650"><subfield code="a">Intermediate state</subfield><subfield code="x">Islam</subfield><subfield code="v">Early works to 1800</subfield></datafield><datafield ind1="1" ind2=" " tag="700"><subfield code="6">880-04</subfield><subfield code="a">Āštiyānī, Ǧalāl al-Dīn</subfield><subfield code="d">1925-2005</subfield><subfield code="0">(IDREF)13058021X</subfield></datafield><datafield ind1="1" ind2=" " tag="880"><subfield code="6">700-04/(3/r</subfield><subfield code="a">آشتیانی، جلالالدی</subfield></datafield><datafield ind1=" " ind2=" " tag="900"><subfield code="a">REROnoselfmerge</subfield></datafield><datafield ind1=" " ind2=" " tag="910"><subfield code="a">OCoLC</subfield><subfield code="b">20130415</subfield><subfield code="c">Droits réservés</subfield></datafield></record>
</metadata></record>