<record><header><identifier>oai:alma.41SLSP_UGE:991000791639705502</identifier><datestamp>2023-04-02T01:09:46Z</datestamp><setSpec>uge_bcen_RapidILL_BOOK</setSpec><setSpec>uge_aaca_RapidILL_BOOK</setSpec><setSpec>uge_abels_RapidILL_BOOK</setSpec><setSpec>uge_dbu_RapidILL_BOOK</setSpec><setSpec>uge_cmu_RapidILL_BOOK</setSpec><setSpec>uge_mail_RapidILL_BOOK</setSpec><setSpec>UNIGE_ALL</setSpec><setSpec>uge_abbat_RapidILL_BOOK</setSpec><setSpec>uge_acar_RapidILL_BOOK</setSpec><setSpec>uge_aobs_RapidILL_BOOK</setSpec></header><metadata>
<record xmlns="http://www.loc.gov/MARC21/slim" xmlns:xsi="http://www.w3.org/2001/XMLSchema-instance" xsi:schemaLocation="http://www.loc.gov/MARC21/slim http://www.loc.gov/standards/marcxml/schema/MARC21slim.xsd"><leader>02356nam a2200469 c 4500</leader><controlfield tag="001">991000791639705502</controlfield><controlfield tag="005">20230331205427.0</controlfield><controlfield tag="008">170302s2017    xxc||||| |||| 00| ||fre d</controlfield><datafield ind1=" " ind2=" " tag="020"><subfield code="a">9782765052029</subfield><subfield code="q">pbk.</subfield></datafield><datafield ind1=" " ind2=" " tag="035"><subfield code="a">(swissbib)123663652-41slsp_network</subfield></datafield><datafield ind1=" " ind2=" " tag="035"><subfield code="a">123663652</subfield><subfield code="9">ExL</subfield></datafield><datafield ind1=" " ind2=" " tag="035"><subfield code="a">(RERO)R008606816-41slsp</subfield></datafield><datafield ind1=" " ind2=" " tag="035"><subfield code="a">(EXLNZ-41SLSP_NETWORK)991106727739705501</subfield></datafield><datafield ind1=" " ind2=" " tag="040"><subfield code="a">UAB</subfield><subfield code="b">eng</subfield><subfield code="e">rda</subfield><subfield code="d">CH-ZuSLS</subfield></datafield><datafield ind1="1" ind2=" " tag="041"><subfield code="a">fre</subfield><subfield code="h">eng</subfield></datafield><datafield ind1=" " ind2="4" tag="050"><subfield code="a">LB1573</subfield><subfield code="b">.M391314 2017</subfield></datafield><datafield ind1=" " ind2="7" tag="072"><subfield code="a">pe</subfield><subfield code="2">rero</subfield></datafield><datafield ind1="0" ind2="4" tag="082"><subfield code="a">372.41</subfield><subfield code="2">23</subfield></datafield><datafield ind1="1" ind2=" " tag="100"><subfield code="a">McEwan-Adkins, Elaine K.</subfield><subfield code="d">1941-</subfield><subfield code="0">(RERO)A026829232</subfield><subfield code="4">cre</subfield></datafield><datafield ind1="1" ind2="0" tag="245"><subfield code="a">40 interventions en lecture</subfield><subfield code="b">les meilleures pratiques pour aider les lecteurs en difficulté</subfield><subfield code="c">Elaine K. McEwan-Adkins</subfield></datafield><datafield ind1="1" ind2=" " tag="246"><subfield code="a">Quarante interventions en lecture</subfield></datafield><datafield ind1=" " ind2="1" tag="264"><subfield code="a">Montréal, Québec</subfield><subfield code="b">Chenelière éducation</subfield><subfield code="c">2017</subfield></datafield><datafield ind1=" " ind2=" " tag="300"><subfield code="a">232 p.</subfield><subfield code="b">ill.</subfield></datafield><datafield ind1=" " ind2=" " tag="336"><subfield code="b">txt</subfield><subfield code="2">rdacontent</subfield></datafield><datafield ind1=" " ind2=" " tag="337"><subfield code="b">n</subfield><subfield code="2">rdamedia</subfield></datafield><datafield ind1=" " ind2=" " tag="338"><subfield code="b">nc</subfield><subfield code="2">rdacarrier</subfield></datafield><datafield ind1=" " ind2=" " tag="385"><subfield code="a">Harmos3</subfield><subfield code="2">rero</subfield></datafield><datafield ind1=" " ind2=" " tag="385"><subfield code="a">Harmos4</subfield><subfield code="2">rero</subfield></datafield><datafield ind1=" " ind2=" " tag="385"><subfield code="a">Harmos5</subfield><subfield code="2">rero</subfield></datafield><datafield ind1=" " ind2=" " tag="385"><subfield code="a">Harmos6</subfield><subfield code="2">rero</subfield></datafield><datafield ind1=" " ind2=" " tag="385"><subfield code="a">Harmos7</subfield><subfield code="2">rero</subfield></datafield><datafield ind1=" " ind2=" " tag="385"><subfield code="a">Harmos8</subfield><subfield code="2">rero</subfield></datafield><datafield ind1="0" ind2=" " tag="490"><subfield code="a">Didactique. Langue et communication</subfield></datafield><datafield ind1=" " ind2=" " tag="504"><subfield code="a">Includes bibliographical references (pages 221-232)</subfield></datafield><datafield ind1="8" ind2=" " tag="520"><subfield code="a">Le vaste éventail d'interventions proposé peut aisément s'intégrer dans un modèle à trois niveaux afin de fournir aux élèves en difficulté des occasions d'apprentissage différencié, que ce soit en classe ou en orthopédagogie, en petits groupes ou sous forme d'enseignement individuel. Sept catégories d'interventions sont présentées, soit celles portant sur les fondements de l'enseignement de la lecture, la conscience phonémique, l'identification des mots, le développement de la fluidité en lecture, l'enrichissement du vocabulaire, l'enseignement de la compréhension en lecture, les manières d'offrir de nombreuses occasions de lire aux élèves. (4e de couv.)</subfield><subfield code="5">RERO/njhep-/04.2019</subfield></datafield><datafield ind1=" " ind2="0" tag="650"><subfield code="a">Reading (Elementary)</subfield></datafield><datafield ind1=" " ind2="0" tag="650"><subfield code="a">Response to intervention (Learning disabled children)</subfield></datafield><datafield ind1=" " ind2="7" tag="650"><subfield code="a">Lecture</subfield><subfield code="0">(IDREF)027662594</subfield><subfield code="2">idref</subfield></datafield><datafield ind1=" " ind2="7" tag="650"><subfield code="a">Étude et enseignement (primaire)</subfield><subfield code="0">(IDREF)027790649</subfield><subfield code="2">idref</subfield></datafield><datafield ind1=" " ind2="7" tag="650"><subfield code="a">Lecture</subfield><subfield code="x">Difficultés</subfield><subfield code="0">(IDREF)027347044</subfield><subfield code="2">idref</subfield></datafield><datafield ind1=" " ind2="7" tag="655"><subfield code="a">Guides pratiques</subfield><subfield code="0">(IDREF)027790045</subfield><subfield code="2">idref</subfield></datafield><datafield ind1=" " ind2=" " tag="900"><subfield code="a">REROnoselfmerge</subfield></datafield><datafield ind1=" " ind2=" " tag="910"><subfield code="a">OCoLC</subfield><subfield code="b">20170302</subfield><subfield code="c">Droits réservés</subfield></datafield></record>
</metadata></record>